<?xml version="1.0" ?><OAI-PMH xmlns="http://www.openarchives.org/OAI/2.0/" xmlns:xsi="http://www.w3.org/2001/XMLSchema-instance" xsi:schemaLocation="http://www.openarchives.org/OAI/2.0/ http://www.openarchives.org/OAI/2.0/OAI-PMH.xsd">
  <responseDate>2024-11-20T18:24:30Z</responseDate>
  <request resumptionToken="1900-01-01@all@UNIGE_ALL@marc21@5986452920005502" verb="ListRecords">https://slsp-unige.alma.exlibrisgroup.com/view/oai/41SLSP_UGE/request</request>
<ListRecords><record><header><identifier>oai:alma.41SLSP_UGE:991000038589705502</identifier><datestamp>2023-03-27T00:13:18Z</datestamp><setSpec>uge_bcen_RapidILL_BOOK</setSpec><setSpec>uge_aaca_RapidILL_BOOK</setSpec><setSpec>uge_abels_RapidILL_BOOK</setSpec><setSpec>uge_dbu_RapidILL_BOOK</setSpec><setSpec>uge_cmu_RapidILL_BOOK</setSpec><setSpec>uge_mail_RapidILL_BOOK</setSpec><setSpec>uge_abbat_RapidILL_BOOK</setSpec><setSpec>UNIGE_ALL</setSpec><setSpec>uge_acar_RapidILL_BOOK</setSpec><setSpec>uge_aobs_RapidILL_BOOK</setSpec></header><metadata>
<record xmlns="http://www.loc.gov/MARC21/slim" xmlns:xsi="http://www.w3.org/2001/XMLSchema-instance" xsi:schemaLocation="http://www.loc.gov/MARC21/slim http://www.loc.gov/standards/marcxml/schema/MARC21slim.xsd"><leader>03172nam a2200733 c 4500</leader><controlfield tag="001">991000038589705502</controlfield><controlfield tag="005">20230325205316.0</controlfield><controlfield tag="008">201011s2018    xxk||||| |||| 00| ||eng d</controlfield><datafield ind1=" " ind2=" " tag="020"><subfield code="a">1509915095</subfield></datafield><datafield ind1=" " ind2=" " tag="020"><subfield code="a">9781509915095</subfield></datafield><datafield ind1=" " ind2=" " tag="020"><subfield code="z">9781509915101</subfield><subfield code="q">ePub</subfield></datafield><datafield ind1=" " ind2=" " tag="020"><subfield code="z">9781509915088</subfield><subfield code="q">ePDF</subfield></datafield><datafield ind1=" " ind2=" " tag="035"><subfield code="a">(swissbib)213880539-41slsp_network</subfield></datafield><datafield ind1=" " ind2=" " tag="035"><subfield code="a">213880539</subfield><subfield code="9">ExL</subfield></datafield><datafield ind1=" " ind2=" " tag="035"><subfield code="a">(RERO)R008816635-41slsp</subfield></datafield><datafield ind1=" " ind2=" " tag="035"><subfield code="a">(NEBIS)011527088EBI01</subfield></datafield><datafield ind1=" " ind2=" " tag="035"><subfield code="a">(OCoLC)1042909329</subfield></datafield><datafield ind1=" " ind2=" " tag="035"><subfield code="a">(EXLNZ-41SLSP_NETWORK)991110035579705501</subfield></datafield><datafield ind1=" " ind2=" " tag="040"><subfield code="a">S3O</subfield><subfield code="b">eng</subfield><subfield code="e">rda</subfield><subfield code="d">CH-ZuSLS UBS A100</subfield></datafield><datafield ind1=" " ind2="0" tag="050"><subfield code="a">KBP4048</subfield><subfield code="b">.A28 2018</subfield></datafield><datafield ind1=" " ind2="7" tag="072"><subfield code="a">dr</subfield><subfield code="2">rero</subfield></datafield><datafield ind1=" " ind2="7" tag="072"><subfield code="a">is</subfield><subfield code="2">CH-ZuSLS ubs</subfield></datafield><datafield ind1="7" ind2="4" tag="082"><subfield code="a">340</subfield><subfield code="2">23sdnb</subfield></datafield><datafield ind1="0" ind2="4" tag="082"><subfield code="a">345.167025081</subfield></datafield><datafield ind1=" " ind2=" " tag="084"><subfield code="a">EG 89.1 h</subfield><subfield code="2">cjurrom</subfield></datafield><datafield ind1="1" ind2=" " tag="100"><subfield code="6">880-01</subfield><subfield code="a">Abubakar, Musa Usman</subfield><subfield code="d">1969-....</subfield><subfield code="0">(IDREF)232677646</subfield><subfield code="4">cre</subfield></datafield><datafield ind1="1" ind2=" " tag="880"><subfield code="a">Abubakar, Musa Usman</subfield><subfield code="d">1969-</subfield><subfield code="6">100-01/(B</subfield><subfield code="4">aut</subfield><subfield code="0">(DE-588)1223382508</subfield></datafield><datafield ind1="1" ind2="0" tag="245"><subfield code="a">Gender justice in Islamic law</subfield><subfield code="b">homicide and bodily injuries</subfield><subfield code="c">Musa Usman Abubakar</subfield></datafield><datafield ind1=" " ind2="1" tag="264"><subfield code="a">Oxford</subfield><subfield code="b">Hart</subfield><subfield code="c">2018</subfield></datafield><datafield ind1=" " ind2=" " tag="300"><subfield code="a">XXII, 228 Seiten</subfield></datafield><datafield ind1=" " ind2=" " tag="336"><subfield code="b">txt</subfield><subfield code="2">rdacontent</subfield></datafield><datafield ind1=" " ind2=" " tag="337"><subfield code="b">n</subfield><subfield code="2">rdamedia</subfield></datafield><datafield ind1=" " ind2=" " tag="338"><subfield code="b">nc</subfield><subfield code="2">rdacarrier</subfield></datafield><datafield ind1=" " ind2=" " tag="500"><subfield code="a">Based on author's thesis (doctoral - University of Warwick, 2012) issued under title: Gender justice and Islamic laws of homicide and bodily hurt of Pakistan and Nigeria</subfield></datafield><datafield ind1=" " ind2=" " tag="504"><subfield code="a">Includes bibliographical references and index</subfield></datafield><datafield ind1=" " ind2="0" tag="650"><subfield code="a">Offenses against the person (Islamic law)</subfield></datafield><datafield ind1=" " ind2="0" tag="650"><subfield code="a">Restorative justice</subfield><subfield code="x">Religious aspects</subfield><subfield code="x">Islam</subfield></datafield><datafield ind1=" " ind2="0" tag="650"><subfield code="a">Sex discrimination in criminal justice administration</subfield><subfield code="z">Nigeria</subfield></datafield><datafield ind1=" " ind2="0" tag="650"><subfield code="a">Sex discrimination in criminal justice administration</subfield><subfield code="z">Pakistan</subfield></datafield><datafield ind1=" " ind2="0" tag="650"><subfield code="a">Violent crimes</subfield><subfield code="x">Law and legislation</subfield><subfield code="z">Nigeria</subfield></datafield><datafield ind1=" " ind2="0" tag="650"><subfield code="a">Violent crimes</subfield><subfield code="x">Law and legislation</subfield><subfield code="z">Pakistan</subfield></datafield><datafield ind1=" " ind2="0" tag="650"><subfield code="a">Women (Islamic law)</subfield></datafield><datafield ind1=" " ind2="7" tag="650"><subfield code="a">Égalité des sexes</subfield><subfield code="0">(IDREF)035268867</subfield><subfield code="2">idref</subfield></datafield><datafield ind1=" " ind2="7" tag="650"><subfield code="a">Homicide (droit islamique)</subfield><subfield code="0">(IDREF)151667322</subfield><subfield code="2">idref</subfield></datafield><datafield ind1=" " ind2="7" tag="650"><subfield code="a">Punitions corporelles</subfield><subfield code="0">(IDREF)027431649</subfield><subfield code="2">idref</subfield></datafield><datafield ind1=" " ind2="7" tag="650"><subfield code="a">Meurtre</subfield><subfield code="0">(IDREF)027837629</subfield><subfield code="2">idref</subfield></datafield><datafield ind1=" " ind2="7" tag="650"><subfield code="a">Droit pénal</subfield><subfield code="0">(IDREF)027466892</subfield><subfield code="2">idref</subfield></datafield><datafield ind1=" " ind2="7" tag="650"><subfield code="a">Exécution des peines</subfield><subfield code="0">(IDREF)027849724</subfield><subfield code="2">idref</subfield></datafield><datafield ind1=" " ind2="7" tag="650"><subfield code="a">Geschlechterkonflikt</subfield><subfield code="0">(DE-588)4157007-8</subfield><subfield code="2">gnd</subfield></datafield><datafield ind1=" " ind2="7" tag="650"><subfield code="a">Islamisches Recht</subfield><subfield code="0">(DE-588)1151921939</subfield><subfield code="2">gnd</subfield></datafield><datafield ind1=" " ind2="7" tag="650"><subfield code="a">Körperverletzung</subfield><subfield code="0">(DE-588)4031605-1</subfield><subfield code="2">gnd</subfield></datafield><datafield ind1=" " ind2="7" tag="650"><subfield code="a">Totschlag</subfield><subfield code="0">(DE-588)4185772-0</subfield><subfield code="2">gnd</subfield></datafield><datafield ind1=" " ind2="7" tag="650"><subfield code="a">Frau</subfield><subfield code="2">gnd</subfield><subfield code="0">(DE-588)4018202-2</subfield></datafield><datafield ind1=" " ind2="7" tag="650"><subfield code="a">Diskriminierung</subfield><subfield code="0">(DE-588)4012472-1</subfield><subfield code="2">gnd</subfield></datafield><datafield ind1=" " ind2="7" tag="651"><subfield code="a">Pakistan</subfield><subfield code="0">(IDREF)027367436</subfield><subfield code="2">idref</subfield></datafield><datafield ind1=" " ind2="7" tag="651"><subfield code="a">Nigeria</subfield><subfield code="0">(IDREF)027401553</subfield><subfield code="2">idref</subfield></datafield><datafield ind1=" " ind2="7" tag="651"><subfield code="a">Nigeria</subfield><subfield code="0">(DE-588)4042300-1</subfield><subfield code="2">gnd</subfield></datafield><datafield ind1=" " ind2="7" tag="651"><subfield code="a">Pakistan</subfield><subfield code="0">(DE-588)4075812-6</subfield><subfield code="2">gnd</subfield></datafield><datafield ind1=" " ind2="7" tag="655"><subfield code="a">Études de cas</subfield><subfield code="0">(IDREF)027588505</subfield><subfield code="2">idref</subfield></datafield><datafield ind1="4" ind2=" " tag="856"><subfield code="3">Titelblatt und Inhaltsverzeichnis</subfield><subfield code="u">https://toc.library.ethz.ch/objects/pdf03/z16_978-1-5099-1509-5_01.pdf</subfield><subfield code="q">pdf</subfield></datafield><datafield ind1=" " ind2=" " tag="900"><subfield code="a">Stoppsignal FRED</subfield><subfield code="x">UBS/A100/202103</subfield></datafield><datafield ind1=" " ind2=" " tag="900"><subfield code="a">REROnoselfmerge</subfield></datafield><datafield ind1=" " ind2=" " tag="900"><subfield code="a">IDSZ2rwimon201912f</subfield><subfield code="c">IDSZ2kilch</subfield></datafield><datafield ind1=" " ind2=" " tag="910"><subfield code="a">OCoLC</subfield><subfield code="b">20180703</subfield><subfield code="c">Réutilisation sous conditions: Licence ODC-BY</subfield></datafield><datafield ind1=" " ind2=" " tag="949"><subfield code="a">https://toc.library.ethz.ch/objects/pdf03/z16_978-1-5099-1509-5_01.pdf</subfield></datafield></record>
</metadata></record>