<record><header><identifier>oai:alma.41SLSP_UGE:991000038919705502</identifier><datestamp>2023-03-01T01:08:49Z</datestamp><setSpec>uge_bcen_RapidILL_BOOK</setSpec><setSpec>uge_aaca_RapidILL_BOOK</setSpec><setSpec>uge_abels_RapidILL_BOOK</setSpec><setSpec>uge_dbu_RapidILL_BOOK</setSpec><setSpec>uge_cmu_RapidILL_BOOK</setSpec><setSpec>uge_mail_RapidILL_BOOK</setSpec><setSpec>UNIGE_ALL</setSpec><setSpec>uge_abbat_RapidILL_BOOK</setSpec><setSpec>uge_aobs_RapidILL_BOOK</setSpec><setSpec>uge_acar_RapidILL_BOOK</setSpec></header><metadata>
<record xmlns="http://www.loc.gov/MARC21/slim" xmlns:xsi="http://www.w3.org/2001/XMLSchema-instance" xsi:schemaLocation="http://www.loc.gov/MARC21/slim http://www.loc.gov/standards/marcxml/schema/MARC21slim.xsd"><leader>01974nam a2200565 c 4500</leader><controlfield tag="001">991000038919705502</controlfield><controlfield tag="005">20230208204841.0</controlfield><controlfield tag="008">201011s1993    xxk||||| |||| 00| ||eng d</controlfield><datafield ind1=" " ind2=" " tag="020"><subfield code="a">0582081769</subfield><subfield code="q">ppr</subfield></datafield><datafield ind1=" " ind2=" " tag="020"><subfield code="a">0582081777</subfield><subfield code="q">CSD 0-582-08176-9 PPR</subfield></datafield><datafield ind1="7" ind2=" " tag="024"><subfield code="a">http://catalogue.bnf.fr/ark:/12148/cb374552077</subfield><subfield code="2">uri</subfield></datafield><datafield ind1=" " ind2=" " tag="035"><subfield code="a">(swissbib)227150341-41slsp_network</subfield></datafield><datafield ind1=" " ind2=" " tag="035"><subfield code="a">227150341</subfield><subfield code="9">ExL</subfield></datafield><datafield ind1=" " ind2=" " tag="035"><subfield code="a">(RERO)1941823-41slsp</subfield></datafield><datafield ind1=" " ind2=" " tag="035"><subfield code="a">(IDSBB)000960788DSV01</subfield></datafield><datafield ind1=" " ind2=" " tag="035"><subfield code="a">(NEBIS)001619341EBI01</subfield></datafield><datafield ind1=" " ind2=" " tag="035"><subfield code="a">(EXLNZ-41SLSP_NETWORK)991042005959705501</subfield></datafield><datafield ind1=" " ind2=" " tag="040"><subfield code="a">RERO neubfl</subfield><subfield code="d">CH-ZuSLS</subfield></datafield><datafield ind1=" " ind2=" " tag="044"><subfield code="a">xxk</subfield><subfield code="a">xxu</subfield></datafield><datafield ind1=" " ind2="7" tag="072"><subfield code="a">an</subfield><subfield code="2">rero</subfield></datafield><datafield ind1=" " ind2="7" tag="072"><subfield code="a">se</subfield><subfield code="2">SzZuIDS BS/BE</subfield></datafield><datafield ind1="1" ind2=" " tag="080"><subfield code="a">802.0:3-087</subfield></datafield><datafield ind1="0" ind2="0" tag="082"><subfield code="a">427</subfield><subfield code="2">20</subfield></datafield><datafield ind1="1" ind2="4" tag="082"><subfield code="a">420</subfield><subfield code="2">15</subfield></datafield><datafield ind1="1" ind2="4" tag="082"><subfield code="a">427</subfield><subfield code="b">R288</subfield></datafield><datafield ind1=" " ind2=" " tag="084"><subfield code="a">HF 520</subfield><subfield code="2">rvk</subfield></datafield><datafield ind1="0" ind2="0" tag="245"><subfield code="a">Real English</subfield><subfield code="b">the grammar of English dialects in the British isles</subfield><subfield code="c">eds James Milroy and Lesley Milroy</subfield></datafield><datafield ind1=" " ind2="1" tag="264"><subfield code="a">London</subfield><subfield code="a">New York</subfield><subfield code="b">Longman</subfield><subfield code="c">1993</subfield></datafield><datafield ind1=" " ind2=" " tag="300"><subfield code="a">XVII, 344 p.</subfield><subfield code="b">fig.</subfield><subfield code="c">22 cm</subfield></datafield><datafield ind1=" " ind2=" " tag="336"><subfield code="b">txt</subfield><subfield code="2">rdacontent</subfield></datafield><datafield ind1=" " ind2=" " tag="337"><subfield code="b">n</subfield><subfield code="2">rdamedia</subfield></datafield><datafield ind1=" " ind2=" " tag="338"><subfield code="b">nc</subfield><subfield code="2">rdacarrier</subfield></datafield><datafield ind1="1" ind2=" " tag="490"><subfield code="a">Real language series</subfield></datafield><datafield ind1=" " ind2="7" tag="650"><subfield code="a">Anglais (langue)</subfield><subfield code="0">(IDREF)027219232</subfield><subfield code="2">idref</subfield></datafield><datafield ind1=" " ind2="7" tag="650"><subfield code="a">Grammaire</subfield><subfield code="0">(IDREF)02863165X</subfield><subfield code="2">idref</subfield></datafield><datafield ind1=" " ind2="7" tag="650"><subfield code="a">Dialectes</subfield><subfield code="0">(IDREF)028627237</subfield><subfield code="2">idref</subfield></datafield><datafield ind1=" " ind2="7" tag="650"><subfield code="a">Englische Sprache</subfield><subfield code="x">Dialekt</subfield><subfield code="2">idsbb</subfield></datafield><datafield ind1=" " ind2="7" tag="650"><subfield code="a">Englisch</subfield><subfield code="0">(DE-588)4014777-0</subfield><subfield code="2">gnd</subfield></datafield><datafield ind1=" " ind2="7" tag="650"><subfield code="a">Mundart</subfield><subfield code="0">(DE-588)4040725-1</subfield><subfield code="2">gnd</subfield></datafield><datafield ind1=" " ind2="7" tag="650"><subfield code="a">Grammatik</subfield><subfield code="0">(DE-588)4021806-5</subfield><subfield code="2">gnd</subfield></datafield><datafield ind1=" " ind2="7" tag="650"><subfield code="a">Sprachgeografie</subfield><subfield code="0">(DE-588)4056463-0</subfield><subfield code="2">gnd</subfield></datafield><datafield ind1=" " ind2="0" tag="650"><subfield code="a">English language</subfield><subfield code="x">Dialects</subfield><subfield code="z">Great Britain</subfield><subfield code="x">Grammar</subfield></datafield><datafield ind1=" " ind2="0" tag="650"><subfield code="a">Popular culture</subfield><subfield code="z">Great Britain</subfield></datafield><datafield ind1=" " ind2="7" tag="651"><subfield code="a">Großbritannien</subfield><subfield code="0">(DE-588)4022153-2</subfield><subfield code="2">gnd</subfield></datafield><datafield ind1=" " ind2="0" tag="651"><subfield code="a">Great Britain</subfield><subfield code="x">Languages</subfield></datafield><datafield ind1=" " ind2="7" tag="655"><subfield code="a">Aufsatzsammlung</subfield><subfield code="2">gnd-content</subfield></datafield><datafield ind1="1" ind2=" " tag="700"><subfield code="a">Milroy, Lesley</subfield></datafield><datafield ind1="1" ind2=" " tag="700"><subfield code="a">Milroy, James</subfield><subfield code="d">1933-....</subfield><subfield code="0">(IDREF)033431353</subfield></datafield><datafield ind1=" " ind2=" " tag="830"><subfield code="a">Real language series</subfield><subfield code="w">(RERO)1563552-41slsp</subfield></datafield><datafield ind1=" " ind2=" " tag="900"><subfield code="a">REROnoselfmerge</subfield></datafield><datafield ind1=" " ind2=" " tag="900"><subfield code="a">IDSZ2esmon200208r</subfield><subfield code="c">IDSZ2beda</subfield></datafield></record>
</metadata></record>