<record><header><identifier>oai:alma.41SLSP_UGE:991000038709705502</identifier><datestamp>2023-03-01T01:08:49Z</datestamp><setSpec>uge_cmu_RapidILL_JOURNAL</setSpec><setSpec>uge_aobs_RapidILL_JOURNAL</setSpec><setSpec>uge_aaca_RapidILL_JOURNAL</setSpec><setSpec>uge_bcen_RapidILL_JOURNAL</setSpec><setSpec>uge_abbat_RapidILL_JOURNAL</setSpec><setSpec>uge_mail_RapidILL_JOURNAL</setSpec><setSpec>uge_dbu_RapidILL_JOURNAL</setSpec><setSpec>UNIGE_ALL</setSpec><setSpec>uge_abels_RapidILL_JOURNAL</setSpec><setSpec>uge_acar_RapidILL_JOURNAL</setSpec></header><metadata>
<record xmlns="http://www.loc.gov/MARC21/slim" xmlns:xsi="http://www.w3.org/2001/XMLSchema-instance" xsi:schemaLocation="http://www.loc.gov/MARC21/slim http://www.loc.gov/standards/marcxml/schema/MARC21slim.xsd"><leader>00761nas a22002177c 4500</leader><controlfield tag="001">991000038709705502</controlfield><controlfield tag="005">20201227170656.0</controlfield><controlfield tag="008">200814uuuuuuuuufr || p|  ||| 0    0fre d</controlfield><datafield ind1=" " ind2=" " tag="035"><subfield code="a">(swissbib)126665826-41slsp_network</subfield></datafield><datafield ind1=" " ind2=" " tag="035"><subfield code="a">126665826</subfield><subfield code="9">ExL</subfield></datafield><datafield ind1=" " ind2=" " tag="035"><subfield code="a">(RERO)R009067921-41slsp</subfield></datafield><datafield ind1=" " ind2=" " tag="035"><subfield code="a">(EXLNZ-41SLSP_NETWORK)991143407589705501</subfield></datafield><datafield ind1=" " ind2=" " tag="040"><subfield code="a">RERO geusob</subfield><subfield code="d">CH-ZuSLS</subfield></datafield><datafield ind1=" " ind2="7" tag="072"><subfield code="a">as</subfield><subfield code="2">rero</subfield></datafield><datafield ind1="0" ind2="0" tag="245"><subfield code="a">Ephémérides des étoiles de culmination lunaire et de longitude pour ...</subfield><subfield code="c">par M. M. Loewy ; Bureau des longitudes</subfield></datafield><datafield ind1=" " ind2="1" tag="264"><subfield code="a">Paris</subfield><subfield code="b">Gauthier-Villars et fils</subfield></datafield><datafield ind1=" " ind2=" " tag="336"><subfield code="b">txt</subfield><subfield code="2">rdacontent</subfield></datafield><datafield ind1=" " ind2=" " tag="337"><subfield code="b">n</subfield><subfield code="2">rdamedia</subfield></datafield><datafield ind1=" " ind2=" " tag="338"><subfield code="b">nc</subfield><subfield code="2">rdacarrier</subfield></datafield><datafield ind1="1" ind2=" " tag="700"><subfield code="a">Loewy, Maurice</subfield><subfield code="d">1833-1907</subfield><subfield code="0">(IDREF)035563176</subfield><subfield code="4">aut</subfield></datafield><datafield ind1="2" ind2=" " tag="710"><subfield code="a">Bureau des Longitudes (Paris)</subfield><subfield code="4">edt</subfield><subfield code="0">(RERO)A003057912</subfield></datafield><datafield ind1=" " ind2=" " tag="900"><subfield code="a">REROnoselfmerge</subfield></datafield><datafield ind1=" " ind2=" " tag="961"><subfield code="2">ge-obs</subfield><subfield code="a">44/17</subfield><subfield code="9">LOCAL</subfield></datafield></record>
</metadata></record>