<record><header><identifier>oai:alma.41SLSP_UGE:991000038089705502</identifier><datestamp>2023-03-01T01:08:49Z</datestamp><setSpec>uge_bcen_RapidILL_BOOK</setSpec><setSpec>uge_aaca_RapidILL_BOOK</setSpec><setSpec>uge_abels_RapidILL_BOOK</setSpec><setSpec>uge_dbu_RapidILL_BOOK</setSpec><setSpec>uge_cmu_RapidILL_BOOK</setSpec><setSpec>uge_mail_RapidILL_BOOK</setSpec><setSpec>UNIGE_ALL</setSpec><setSpec>uge_abbat_RapidILL_BOOK</setSpec><setSpec>uge_aobs_RapidILL_BOOK</setSpec><setSpec>uge_acar_RapidILL_BOOK</setSpec></header><metadata>
<record xmlns="http://www.loc.gov/MARC21/slim" xmlns:xsi="http://www.w3.org/2001/XMLSchema-instance" xsi:schemaLocation="http://www.loc.gov/MARC21/slim http://www.loc.gov/standards/marcxml/schema/MARC21slim.xsd"><leader>01063nam a2200265 c 4500</leader><controlfield tag="001">991000038089705502</controlfield><controlfield tag="005">20201225185247.0</controlfield><controlfield tag="008">860327s1978    gw ||||| |||| 00| ||ger d</controlfield><datafield ind1=" " ind2=" " tag="020"><subfield code="a">3880965080</subfield></datafield><datafield ind1=" " ind2=" " tag="035"><subfield code="a">(swissbib)080682707-41slsp_network</subfield></datafield><datafield ind1=" " ind2=" " tag="035"><subfield code="a">080682707</subfield><subfield code="9">ExL</subfield></datafield><datafield ind1=" " ind2=" " tag="035"><subfield code="a">(RERO)0696285-41slsp</subfield></datafield><datafield ind1=" " ind2=" " tag="035"><subfield code="a">(EXLNZ-41SLSP_NETWORK)991103442619705501</subfield></datafield><datafield ind1=" " ind2=" " tag="040"><subfield code="a">RERO labcud</subfield><subfield code="d">CH-ZuSLS</subfield></datafield><datafield ind1=" " ind2="7" tag="072"><subfield code="a">th</subfield><subfield code="2">rero</subfield></datafield><datafield ind1="1" ind2=" " tag="100"><subfield code="a">Richter, Wolfgang</subfield><subfield code="0">(RERO)A003744584</subfield><subfield code="4">cre</subfield></datafield><datafield ind1="1" ind2="0" tag="245"><subfield code="a">Grundlagen einer althebräischen Grammatik</subfield><subfield code="n">A - B1</subfield><subfield code="p">Grundfragen einer sprachwissenschaftlichen Grammatik</subfield><subfield code="b">; Die Beschreibungsebenen : das Wort : (Morphologie)</subfield><subfield code="c">Wolfgang Richter</subfield></datafield><datafield ind1=" " ind2="1" tag="264"><subfield code="a">St. Ottilien</subfield><subfield code="b">EOS Verl.</subfield><subfield code="c">1978</subfield></datafield><datafield ind1=" " ind2=" " tag="300"><subfield code="a">X, 225 p.</subfield><subfield code="c">21 cm</subfield></datafield><datafield ind1=" " ind2=" " tag="336"><subfield code="b">txt</subfield><subfield code="2">rdacontent</subfield></datafield><datafield ind1=" " ind2=" " tag="337"><subfield code="b">n</subfield><subfield code="2">rdamedia</subfield></datafield><datafield ind1=" " ind2=" " tag="338"><subfield code="b">nc</subfield><subfield code="2">rdacarrier</subfield></datafield><datafield ind1="1" ind2=" " tag="490"><subfield code="a">Arbeiten zu Text und Sprache im Alten Testament</subfield><subfield code="v">Bd. 8</subfield></datafield><datafield ind1="1" ind2=" " tag="800"><subfield code="a">Richter, Wolfgang</subfield><subfield code="t">Grundlagen einer althebräischen Grammatik</subfield><subfield code="v">A</subfield><subfield code="w">(RERO)0696281-41slsp</subfield></datafield><datafield ind1=" " ind2=" " tag="830"><subfield code="a">Arbeiten zu Text und Sprache im Alten Testament</subfield><subfield code="v">8</subfield><subfield code="w">(RERO)0494054-41slsp</subfield></datafield><datafield ind1=" " ind2=" " tag="900"><subfield code="a">REROnoselfmerge</subfield></datafield></record>
</metadata></record>