<record><header><identifier>oai:alma.41SLSP_UGE:991000022229705502</identifier><datestamp>2023-03-01T01:08:49Z</datestamp><setSpec>uge_bcen_RapidILL_BOOK</setSpec><setSpec>uge_aaca_RapidILL_BOOK</setSpec><setSpec>uge_abels_RapidILL_BOOK</setSpec><setSpec>uge_dbu_RapidILL_BOOK</setSpec><setSpec>uge_cmu_RapidILL_BOOK</setSpec><setSpec>uge_mail_RapidILL_BOOK</setSpec><setSpec>UNIGE_ALL</setSpec><setSpec>uge_abbat_RapidILL_BOOK</setSpec><setSpec>uge_aobs_RapidILL_BOOK</setSpec><setSpec>uge_acar_RapidILL_BOOK</setSpec></header><metadata>
<record xmlns="http://www.loc.gov/MARC21/slim" xmlns:xsi="http://www.w3.org/2001/XMLSchema-instance" xsi:schemaLocation="http://www.loc.gov/MARC21/slim http://www.loc.gov/standards/marcxml/schema/MARC21slim.xsd"><leader>00954nam a22002412c 4500</leader><controlfield tag="001">991000022229705502</controlfield><controlfield tag="005">20210206204138.0</controlfield><controlfield tag="008">150123s1985    xr ||||| |||| 10| ||eng d</controlfield><datafield ind1=" " ind2=" " tag="035"><subfield code="a">(swissbib)121101495-41slsp_network</subfield></datafield><datafield ind1=" " ind2=" " tag="035"><subfield code="a">121101495</subfield><subfield code="9">ExL</subfield></datafield><datafield ind1=" " ind2=" " tag="035"><subfield code="a">(RERO)R008048811-41slsp</subfield></datafield><datafield ind1=" " ind2=" " tag="035"><subfield code="a">(EXLNZ-41SLSP_NETWORK)991125823329705501</subfield></datafield><datafield ind1=" " ind2=" " tag="040"><subfield code="a">RERO geussc</subfield><subfield code="d">CH-ZuSLS</subfield></datafield><datafield ind1=" " ind2="7" tag="072"><subfield code="a">py</subfield><subfield code="2">rero</subfield></datafield><datafield ind1="0" ind2="0" tag="245"><subfield code="a">Trends in physics, 1984</subfield><subfield code="b">proceedings of the 6th General Conference of the European Physical Society, 27-31 August 1984, Prague, Czechoslovakia</subfield><subfield code="c">ed. by J. Janta and J. Pantoflíček</subfield></datafield><datafield ind1=" " ind2="1" tag="264"><subfield code="a">Prague</subfield><subfield code="b">European Physical Society</subfield><subfield code="c">[1985]</subfield></datafield><datafield ind1=" " ind2=" " tag="300"><subfield code="a">2 vol. (706,  p.)</subfield><subfield code="b">ill.</subfield></datafield><datafield ind1=" " ind2=" " tag="336"><subfield code="b">txt</subfield><subfield code="2">rdacontent</subfield></datafield><datafield ind1=" " ind2=" " tag="337"><subfield code="b">n</subfield><subfield code="2">rdamedia</subfield></datafield><datafield ind1=" " ind2=" " tag="338"><subfield code="b">nc</subfield><subfield code="2">rdacarrier</subfield></datafield><datafield ind1="1" ind2=" " tag="700"><subfield code="a">Janta, J.</subfield><subfield code="0">(IDREF)117903124</subfield></datafield><datafield ind1="1" ind2=" " tag="700"><subfield code="a">Pantofliček, Jaroslav</subfield><subfield code="0">(RERO)A011733457</subfield></datafield><datafield ind1="2" ind2=" " tag="710"><subfield code="a">Association européenne de physique</subfield><subfield code="b">Conférence générale</subfield><subfield code="n">6</subfield><subfield code="d">1984</subfield><subfield code="c">Praha</subfield><subfield code="0">(RERO)A025034087</subfield></datafield><datafield ind1=" " ind2=" " tag="900"><subfield code="a">REROnoselfmerge</subfield></datafield></record>
</metadata></record>