<record><header><identifier>oai:alma.41SLSP_UGE:991000038599705502</identifier><datestamp>2024-11-15T01:10:15Z</datestamp><setSpec>uge_bcen_RapidILL_BOOK</setSpec><setSpec>uge_aaca_RapidILL_BOOK</setSpec><setSpec>uge_abels_RapidILL_BOOK</setSpec><setSpec>uge_dbu_RapidILL_BOOK</setSpec><setSpec>uge_cmu_RapidILL_BOOK</setSpec><setSpec>uge_mail_RapidILL_BOOK</setSpec><setSpec>uge_abbat_RapidILL_BOOK</setSpec><setSpec>UNIGE_ALL</setSpec><setSpec>uge_aobs_RapidILL_BOOK</setSpec><setSpec>uge_acar_RapidILL_BOOK</setSpec></header><metadata>
<record xmlns="http://www.loc.gov/MARC21/slim" xmlns:xsi="http://www.w3.org/2001/XMLSchema-instance" xsi:schemaLocation="http://www.loc.gov/MARC21/slim http://www.loc.gov/standards/marcxml/schema/MARC21slim.xsd"><leader>01489nam a2200301 c 4500</leader><controlfield tag="001">991000038599705502</controlfield><controlfield tag="005">20230516185019.0</controlfield><controlfield tag="008">040407s1847    sz ||||| |||| 00| ||fre d</controlfield><datafield ind1=" " ind2=" " tag="035"><subfield code="a">(swissbib)100447570-41slsp_network</subfield></datafield><datafield ind1=" " ind2=" " tag="035"><subfield code="a">100447570</subfield><subfield code="9">ExL</subfield></datafield><datafield ind1=" " ind2=" " tag="035"><subfield code="a">(RERO)R003615572-41slsp</subfield></datafield><datafield ind1=" " ind2=" " tag="035"><subfield code="a">(EXLNZ-41SLSP_NETWORK)991047388279705501</subfield></datafield><datafield ind1=" " ind2=" " tag="040"><subfield code="a">RERO geulsh</subfield><subfield code="d">CH-ZuSLS</subfield></datafield><datafield ind1=" " ind2=" " tag="044"><subfield code="a">sz</subfield><subfield code="c">ch-be</subfield></datafield><datafield ind1=" " ind2="7" tag="072"><subfield code="a">sp</subfield><subfield code="2">rero</subfield></datafield><datafield ind1="0" ind2="0" tag="245"><subfield code="a">Bulletin</subfield><subfield code="b">Ensuite d'une capitulation conclue entre les délégués du canton de Zug et Son Excellence Monsieur le Général Dufour [...] ce canton sera occupé aujourd'hui 22 novembre par les troupes fédérale [...]</subfield></datafield><datafield ind1="1" ind2=" " tag="246"><subfield code="a">Ensuite d'une capitulation conclue entre les délégués du canton de Zug et Son Excellence Monsieur le Général Dufour [...] ce canton sera occupé aujourd'hui 22 novembre par les troupes fédérale [...]</subfield></datafield><datafield ind1=" " ind2="1" tag="264"><subfield code="a">Berne</subfield><subfield code="b">[éditeur non identifié]</subfield><subfield code="c">1847</subfield></datafield><datafield ind1=" " ind2=" " tag="300"><subfield code="a">1 placard</subfield><subfield code="c">35 x 22 cm</subfield></datafield><datafield ind1=" " ind2=" " tag="336"><subfield code="b">txt</subfield><subfield code="2">rdacontent</subfield></datafield><datafield ind1=" " ind2=" " tag="337"><subfield code="b">n</subfield><subfield code="2">rdamedia</subfield></datafield><datafield ind1=" " ind2=" " tag="338"><subfield code="b">nc</subfield><subfield code="2">rdacarrier</subfield></datafield><datafield ind1=" " ind2=" " tag="500"><subfield code="a">Texte daté du 22 novembre 1847</subfield></datafield><datafield ind1=" " ind2=" " tag="500"><subfield code="a">(Signé): par ordre du Directoire fédéral, le secrétaire d'Etat de la Confédération: Schiess</subfield></datafield><datafield ind1=" " ind2="7" tag="650"><subfield code="a">Capitulation militaire</subfield><subfield code="0">(IDREF)034774963</subfield><subfield code="2">idref</subfield></datafield><datafield ind1=" " ind2="7" tag="651"><subfield code="a">Zoug (Suisse ; canton)</subfield><subfield code="0">(IDREF)028992318</subfield><subfield code="2">idref</subfield></datafield><datafield ind1=" " ind2="7" tag="655"><subfield code="a">Publications officielles</subfield><subfield code="0">(IDREF)027241769</subfield><subfield code="2">idref</subfield></datafield><datafield ind1=" " ind2="7" tag="651"><subfield code="a">Suisse</subfield><subfield code="y">1845-1847 (Sonderbund)</subfield><subfield code="0">(IDREF)029152887</subfield><subfield code="2">idref</subfield></datafield><datafield ind1="1" ind2=" " tag="710"><subfield code="a">Suisse</subfield><subfield code="b">Directoire fédéral</subfield><subfield code="0">(RERO)A003874866</subfield></datafield></record>
</metadata></record>