<record><header><identifier>oai:alma.41SLSP_UGE:991000038499705502</identifier><datestamp>2023-03-01T01:08:49Z</datestamp><setSpec>uge_bcen_RapidILL_BOOK</setSpec><setSpec>uge_aaca_RapidILL_BOOK</setSpec><setSpec>uge_abels_RapidILL_BOOK</setSpec><setSpec>uge_dbu_RapidILL_BOOK</setSpec><setSpec>uge_cmu_RapidILL_BOOK</setSpec><setSpec>uge_mail_RapidILL_BOOK</setSpec><setSpec>UNIGE_ALL</setSpec><setSpec>uge_abbat_RapidILL_BOOK</setSpec><setSpec>uge_acar_RapidILL_BOOK</setSpec><setSpec>uge_aobs_RapidILL_BOOK</setSpec></header><metadata>
<record xmlns="http://www.loc.gov/MARC21/slim" xmlns:xsi="http://www.w3.org/2001/XMLSchema-instance" xsi:schemaLocation="http://www.loc.gov/MARC21/slim http://www.loc.gov/standards/marcxml/schema/MARC21slim.xsd"><leader>01727nam a2200421 c 4500</leader><controlfield tag="001">991000038499705502</controlfield><controlfield tag="005">20230217203350.0</controlfield><controlfield tag="008">201011s1999    ne ||||| |||| 00| ||ita d</controlfield><datafield ind1=" " ind2=" " tag="020"><subfield code="a">9025611354</subfield></datafield><datafield ind1=" " ind2=" " tag="035"><subfield code="a">(swissbib)220553459-41slsp_network</subfield></datafield><datafield ind1=" " ind2=" " tag="035"><subfield code="a">220553459</subfield><subfield code="9">ExL</subfield></datafield><datafield ind1=" " ind2=" " tag="035"><subfield code="a">(RERO)R003258884-41slsp</subfield></datafield><datafield ind1=" " ind2=" " tag="035"><subfield code="a">(IDSBB)002394991DSV01</subfield></datafield><datafield ind1=" " ind2=" " tag="035"><subfield code="a">(NEBIS)008242707EBI01</subfield></datafield><datafield ind1=" " ind2=" " tag="035"><subfield code="a">(EXLNZ-41SLSP_NETWORK)991126540759705501</subfield></datafield><datafield ind1=" " ind2=" " tag="040"><subfield code="a">RERO geulph</subfield><subfield code="d">CH-ZuSLS</subfield></datafield><datafield ind1=" " ind2="7" tag="072"><subfield code="a">ph</subfield><subfield code="2">rero</subfield></datafield><datafield ind1=" " ind2=" " tag="084"><subfield code="a">FH 33150</subfield><subfield code="2">rvk</subfield></datafield><datafield ind1="0" ind2="0" tag="245"><subfield code="a">Antiaristotelismo</subfield><subfield code="c">a cura di Carlo Natali e Stefano Maso ; contributi di: Enrico Berti... [et al.]</subfield></datafield><datafield ind1=" " ind2="1" tag="264"><subfield code="a">Amsterdam</subfield><subfield code="b">A.M. Hakkert</subfield><subfield code="c">1999</subfield></datafield><datafield ind1=" " ind2=" " tag="300"><subfield code="a">285 p.</subfield><subfield code="b">fig.</subfield><subfield code="c">24 cm</subfield></datafield><datafield ind1=" " ind2=" " tag="336"><subfield code="b">txt</subfield><subfield code="2">rdacontent</subfield></datafield><datafield ind1=" " ind2=" " tag="337"><subfield code="b">n</subfield><subfield code="2">rdamedia</subfield></datafield><datafield ind1=" " ind2=" " tag="338"><subfield code="b">nc</subfield><subfield code="2">rdacarrier</subfield></datafield><datafield ind1="1" ind2=" " tag="490"><subfield code="a">Lexis. Supplemento</subfield><subfield code="v">6</subfield></datafield><datafield ind1=" " ind2=" " tag="500"><subfield code="a">Enthält Beiträge eines von 1996-1998 an der Universität Venedig durchgeführten Seminars zum Thema Antiaristotelismus</subfield></datafield><datafield ind1=" " ind2=" " tag="504"><subfield code="a">Bibliografia p. 251-273</subfield></datafield><datafield ind1=" " ind2="7" tag="650"><subfield code="a">aristotélisme - critique</subfield><subfield code="0">(RERO)A010045245</subfield><subfield code="2">rerovoc</subfield></datafield><datafield ind1=" " ind2="7" tag="650"><subfield code="a">Antiquité</subfield><subfield code="0">(IDREF)027789888</subfield><subfield code="2">idref</subfield></datafield><datafield ind1=" " ind2="7" tag="655"><subfield code="a">[Études diverses]</subfield><subfield code="0">(RERO)A022249905</subfield><subfield code="2">rero</subfield></datafield><datafield ind1=" " ind2="7" tag="655"><subfield code="a">Konferenzschrift</subfield><subfield code="z">Venedig</subfield><subfield code="y">1996-1998</subfield><subfield code="2">gnd-content</subfield></datafield><datafield ind1=" " ind2="7" tag="655"><subfield code="a">Konferenzschrift</subfield><subfield code="z">Venezia</subfield><subfield code="y">1996-1998</subfield><subfield code="2">gnd-content</subfield></datafield><datafield ind1="1" ind2=" " tag="700"><subfield code="a">Maso, Stefano</subfield><subfield code="d">1954-....</subfield><subfield code="0">(IDREF)069313571</subfield></datafield><datafield ind1="1" ind2=" " tag="700"><subfield code="a">Natali, Carlo</subfield><subfield code="d">1948-</subfield><subfield code="0">(DE-588)1043762280</subfield><subfield code="6">880-03</subfield></datafield><datafield ind1="1" ind2=" " tag="880"><subfield code="6">700-03</subfield><subfield code="a">Natali, Carlo</subfield><subfield code="c">Professeur d'histoire de la philosophie antique</subfield><subfield code="d">1948-....</subfield><subfield code="0">(IDREF)030012090</subfield></datafield><datafield ind1="1" ind2=" " tag="700"><subfield code="a">Berti, Enrico</subfield><subfield code="0">(RERO)A002999541</subfield></datafield><datafield ind1=" " ind2=" " tag="830"><subfield code="a">Supplementi di Lexis</subfield><subfield code="v">6</subfield><subfield code="w">(IDSBB)000950233DSV01</subfield></datafield><datafield ind1=" " ind2=" " tag="830"><subfield code="a">Lexis</subfield><subfield code="p">Supplemento</subfield><subfield code="v">6</subfield><subfield code="w">(RERO)1651999-41slsp</subfield></datafield><datafield ind1=" " ind2=" " tag="900"><subfield code="a">REROnoselfmerge</subfield></datafield></record>
</metadata></record>