<record><header><identifier>oai:alma.41SLSP_UGE:991000037979705502</identifier><datestamp>2023-08-09T01:58:38Z</datestamp><setSpec>uge_bcen_RapidILL_BOOK</setSpec><setSpec>uge_aaca_RapidILL_BOOK</setSpec><setSpec>uge_abels_RapidILL_BOOK</setSpec><setSpec>uge_dbu_RapidILL_BOOK</setSpec><setSpec>uge_cmu_RapidILL_BOOK</setSpec><setSpec>uge_mail_RapidILL_BOOK</setSpec><setSpec>uge_abbat_RapidILL_BOOK</setSpec><setSpec>UNIGE_ALL</setSpec><setSpec>uge_acar_RapidILL_BOOK</setSpec><setSpec>uge_aobs_RapidILL_BOOK</setSpec></header><metadata>
<record xmlns="http://www.loc.gov/MARC21/slim" xmlns:xsi="http://www.w3.org/2001/XMLSchema-instance" xsi:schemaLocation="http://www.loc.gov/MARC21/slim http://www.loc.gov/standards/marcxml/schema/MARC21slim.xsd"><leader>01268nam a2200313 c 4500</leader><controlfield tag="001">991000037979705502</controlfield><controlfield tag="005">20230808233837.0</controlfield><controlfield tag="008">011122s2001    gw ||||| |||| 00| ||ger d</controlfield><datafield ind1=" " ind2=" " tag="020"><subfield code="a">3484108312</subfield></datafield><datafield ind1=" " ind2=" " tag="035"><subfield code="a">(swissbib)097334316-41slsp_network</subfield></datafield><datafield ind1=" " ind2=" " tag="035"><subfield code="a">097334316</subfield><subfield code="9">ExL</subfield></datafield><datafield ind1=" " ind2=" " tag="035"><subfield code="a">(RERO)R003118420-41slsp</subfield></datafield><datafield ind1=" " ind2=" " tag="035"><subfield code="a">(EXLNZ-41SLSP_NETWORK)991004132569705501</subfield></datafield><datafield ind1=" " ind2=" " tag="040"><subfield code="a">RERO labcud</subfield><subfield code="d">CH-ZuSLS</subfield></datafield><datafield ind1=" " ind2="7" tag="072"><subfield code="a">al</subfield><subfield code="2">rero</subfield></datafield><datafield ind1="1" ind2=" " tag="100"><subfield code="a">Ebner-Eschenbach, Marie von</subfield><subfield code="d">1830-1916</subfield><subfield code="0">(IDREF)027696138</subfield><subfield code="4">cre</subfield></datafield><datafield ind1="1" ind2="0" tag="245"><subfield code="a">Briefwechsel mit Theo Schücking</subfield><subfield code="b">Frauenleben im 19. Jahrhundert</subfield><subfield code="c">Marie von Ebner-Eschenbach ; hrsg. von Edda Polheim</subfield></datafield><datafield ind1=" " ind2="1" tag="264"><subfield code="a">Tübingen</subfield><subfield code="b">M. Niemeyer</subfield><subfield code="c">2001</subfield></datafield><datafield ind1=" " ind2=" " tag="300"><subfield code="a">XI, 515 p.</subfield><subfield code="c">24 cm</subfield></datafield><datafield ind1=" " ind2=" " tag="336"><subfield code="b">txt</subfield><subfield code="2">rdacontent</subfield></datafield><datafield ind1=" " ind2=" " tag="337"><subfield code="b">n</subfield><subfield code="2">rdamedia</subfield></datafield><datafield ind1=" " ind2=" " tag="338"><subfield code="b">nc</subfield><subfield code="2">rdacarrier</subfield></datafield><datafield ind1="1" ind2=" " tag="490"><subfield code="a">Kritische Texte und Deutungen / Marie von Ebner-Eschenbach</subfield><subfield code="v">Ergänzungsbd. 2</subfield></datafield><datafield ind1="1" ind2="7" tag="600"><subfield code="a">Ebner-Eschenbach, Marie von</subfield><subfield code="d">1830-1916</subfield><subfield code="0">(IDREF)027696138</subfield><subfield code="2">idref</subfield></datafield><datafield ind1="1" ind2="7" tag="600"><subfield code="a">Schücking, Théophanie</subfield><subfield code="d">1850-1903</subfield><subfield code="0">(IDREF)059888393</subfield><subfield code="2">idref</subfield></datafield><datafield ind1=" " ind2="7" tag="655"><subfield code="a">Correspondance</subfield><subfield code="0">(IDREF)027490122</subfield><subfield code="2">idref</subfield></datafield><datafield ind1="1" ind2=" " tag="700"><subfield code="a">Polheim, Edda</subfield><subfield code="0">(IDREF)251210715</subfield></datafield><datafield ind1="1" ind2=" " tag="700"><subfield code="a">Schücking, Theo</subfield><subfield code="0">(RERO)A008621074</subfield></datafield><datafield ind1="1" ind2=" " tag="800"><subfield code="a">Ebner-Eschenbach, Marie von</subfield><subfield code="t">Kritische Texte und Deutungen</subfield></datafield><datafield ind1=" " ind2=" " tag="900"><subfield code="a">REROnoselfmerge</subfield></datafield></record>
</metadata></record>