<record><header><identifier>oai:alma.41SLSP_UGE:991000038619705502</identifier><datestamp>2023-03-04T01:20:34Z</datestamp><setSpec>uge_bcen_RapidILL_BOOK</setSpec><setSpec>uge_aaca_RapidILL_BOOK</setSpec><setSpec>uge_abels_RapidILL_BOOK</setSpec><setSpec>uge_dbu_RapidILL_BOOK</setSpec><setSpec>uge_cmu_RapidILL_BOOK</setSpec><setSpec>uge_mail_RapidILL_BOOK</setSpec><setSpec>uge_abbat_RapidILL_BOOK</setSpec><setSpec>UNIGE_ALL</setSpec><setSpec>uge_acar_RapidILL_BOOK</setSpec><setSpec>uge_aobs_RapidILL_BOOK</setSpec></header><metadata>
<record xmlns="http://www.loc.gov/MARC21/slim" xmlns:xsi="http://www.w3.org/2001/XMLSchema-instance" xsi:schemaLocation="http://www.loc.gov/MARC21/slim http://www.loc.gov/standards/marcxml/schema/MARC21slim.xsd"><leader>02530nam a2200637 c 4500</leader><controlfield tag="001">991000038619705502</controlfield><controlfield tag="005">20230303205127.0</controlfield><controlfield tag="008">201012s2019    xxk      |||| 000 0 eng|d</controlfield><datafield ind1=" " ind2=" " tag="020"><subfield code="a">1912554224</subfield></datafield><datafield ind1=" " ind2=" " tag="020"><subfield code="a">9781912554225</subfield></datafield><datafield ind1=" " ind2=" " tag="035"><subfield code="a">(swissbib)232842493-41slsp_network</subfield></datafield><datafield ind1=" " ind2=" " tag="035"><subfield code="a">232842493</subfield><subfield code="9">ExL</subfield></datafield><datafield ind1=" " ind2=" " tag="035"><subfield code="a">(NEBIS)011590602EBI01</subfield></datafield><datafield ind1=" " ind2=" " tag="035"><subfield code="a">(RERO)R008896026-41slsp</subfield></datafield><datafield ind1=" " ind2=" " tag="035"><subfield code="a">(OCoLC)1059262348</subfield></datafield><datafield ind1=" " ind2=" " tag="035"><subfield code="a">(EXLNZ-41SLSP_NETWORK)991103316889705501</subfield></datafield><datafield ind1=" " ind2=" " tag="040"><subfield code="a">YDX</subfield><subfield code="b">ger</subfield><subfield code="e">rda</subfield><subfield code="d">CH-ZuSLS</subfield></datafield><datafield ind1=" " ind2="4" tag="050"><subfield code="a">NX554</subfield></datafield><datafield ind1=" " ind2="7" tag="072"><subfield code="a">ba</subfield><subfield code="2">rero</subfield></datafield><datafield ind1="0" ind2="4" tag="082"><subfield code="a">700-9492</subfield></datafield><datafield ind1="1" ind2="4" tag="082"><subfield code="a">700</subfield><subfield code="2">15</subfield></datafield><datafield ind1="1" ind2="4" tag="082"><subfield code="a">704</subfield></datafield><datafield ind1="7" ind2="4" tag="082"><subfield code="a">700</subfield><subfield code="2">23sdnb</subfield></datafield><datafield ind1=" " ind2=" " tag="084"><subfield code="a">LO 34465</subfield><subfield code="2">rvk</subfield></datafield><datafield ind1="0" ind2="0" tag="245"><subfield code="a">Undressing Rubens</subfield><subfield code="b">fashion and painting in seventeenth-century Antwerp</subfield><subfield code="c">edited by Abigail D. Newman and Lieneke Nijkamp</subfield></datafield><datafield ind1=" " ind2="1" tag="264"><subfield code="a">London</subfield><subfield code="b">Harvey Miller Publishers</subfield><subfield code="c">[2019]</subfield></datafield><datafield ind1=" " ind2="4" tag="264"><subfield code="a">© 2019</subfield></datafield><datafield ind1=" " ind2=" " tag="300"><subfield code="a">228 Seiten</subfield><subfield code="b">Illustrationen</subfield><subfield code="c">29 cm</subfield></datafield><datafield ind1=" " ind2=" " tag="336"><subfield code="b">txt</subfield><subfield code="2">rdacontent</subfield></datafield><datafield ind1=" " ind2=" " tag="336"><subfield code="b">sti</subfield><subfield code="2">rdacontent</subfield></datafield><datafield ind1=" " ind2=" " tag="337"><subfield code="b">n</subfield><subfield code="2">rdamedia</subfield></datafield><datafield ind1=" " ind2=" " tag="338"><subfield code="b">nc</subfield><subfield code="2">rdacarrier</subfield></datafield><datafield ind1="1" ind2="7" tag="600"><subfield code="a">Rubens, Peter Paul</subfield><subfield code="d">1577-1640</subfield><subfield code="0">(DE-588)11860354X</subfield><subfield code="2">gnd</subfield></datafield><datafield ind1="1" ind2="0" tag="600"><subfield code="a">Rubens, Peter Paul</subfield><subfield code="d">1577-1640</subfield><subfield code="x">Influence</subfield><subfield code="x">Clothing</subfield></datafield><datafield ind1="1" ind2="0" tag="600"><subfield code="a">Rubens, Peter Paul</subfield><subfield code="d">1577-1640</subfield><subfield code="t">Paintings</subfield></datafield><datafield ind1="1" ind2="7" tag="600"><subfield code="a">Rubens, Petrus Paulus</subfield><subfield code="d">1577-1640</subfield><subfield code="0">(IDREF)02998551X</subfield><subfield code="2">idref</subfield></datafield><datafield ind1=" " ind2="7" tag="648"><subfield code="a">Geschichte 1600-1700</subfield><subfield code="2">gnd</subfield></datafield><datafield ind1=" " ind2="7" tag="650"><subfield code="a">Kleidung</subfield><subfield code="g">Motiv</subfield><subfield code="0">(DE-588)4114220-2</subfield><subfield code="2">gnd</subfield></datafield><datafield ind1=" " ind2="7" tag="650"><subfield code="a">Malerei</subfield><subfield code="0">(DE-588)4037220-0</subfield><subfield code="2">gnd</subfield></datafield><datafield ind1=" " ind2="7" tag="650"><subfield code="a">Mode</subfield><subfield code="g">Motiv</subfield><subfield code="0">(DE-588)4133997-6</subfield><subfield code="2">gnd</subfield></datafield><datafield ind1=" " ind2="0" tag="650"><subfield code="a">Painting, Flemish</subfield><subfield code="y">17th century</subfield><subfield code="x">Influence</subfield><subfield code="x">Clothing</subfield></datafield><datafield ind1=" " ind2="7" tag="650"><subfield code="a">Vêtements</subfield><subfield code="0">(IDREF)027637425</subfield><subfield code="2">idref</subfield></datafield><datafield ind1=" " ind2="7" tag="650"><subfield code="a">Costume</subfield><subfield code="0">(IDREF)027286525</subfield><subfield code="2">idref</subfield></datafield><datafield ind1=" " ind2="7" tag="650"><subfield code="a">Mode</subfield><subfield code="0">(IDREF)027239586</subfield><subfield code="2">idref</subfield></datafield><datafield ind1=" " ind2="7" tag="650"><subfield code="a">Peinture flamande</subfield><subfield code="0">(IDREF)02729952X</subfield><subfield code="2">idref</subfield></datafield><datafield ind1=" " ind2="7" tag="650"><subfield code="a">Peinture néerlandaise</subfield><subfield code="0">(IDREF)027450430</subfield><subfield code="2">idref</subfield></datafield><datafield ind1=" " ind2="7" tag="650"><subfield code="a">17e siècle</subfield><subfield code="0">(IDREF)027794040</subfield><subfield code="2">idref</subfield></datafield><datafield ind1=" " ind2="7" tag="651"><subfield code="a">Antwerpen</subfield><subfield code="0">(DE-588)4002364-3</subfield><subfield code="2">gnd</subfield></datafield><datafield ind1=" " ind2="7" tag="655"><subfield code="a">Konferenzschrift</subfield><subfield code="z">Antwerpen</subfield><subfield code="y">2014</subfield><subfield code="2">gnd-content</subfield></datafield><datafield ind1=" " ind2="7" tag="655"><subfield code="a">Actes de congrès</subfield><subfield code="0">(IDREF)02886431X</subfield><subfield code="2">idref</subfield></datafield><datafield ind1="1" ind2=" " tag="700"><subfield code="a">Newman, Abigail D.</subfield><subfield code="0">(DE-588)119823475X</subfield><subfield code="e">Herausgeber</subfield><subfield code="4">edt</subfield></datafield><datafield ind1="1" ind2=" " tag="700"><subfield code="a">Nijkamp, Lieneke</subfield><subfield code="0">(DE-588)133728420</subfield><subfield code="e">Herausgeber</subfield><subfield code="4">edt</subfield></datafield><datafield ind1="4" ind2="2" tag="856"><subfield code="3">Inhaltsverzeichnis</subfield><subfield code="q">PDF</subfield><subfield code="u">https://urn.ub.unibe.ch/urn:ch:slsp:9781912554225:ihv:pdf</subfield></datafield><datafield ind1=" " ind2=" " tag="900"><subfield code="a">IDSZ2zbzmon202007f</subfield><subfield code="c">IDSZ2wuet</subfield><subfield code="d">IDSZ2zbzswk202008g</subfield><subfield code="e">IDSZ2schl</subfield></datafield><datafield ind1=" " ind2=" " tag="900"><subfield code="a">REROnoselfmerge</subfield></datafield><datafield ind1=" " ind2=" " tag="910"><subfield code="a">OCoLC</subfield><subfield code="b">20190213</subfield><subfield code="c">Réutilisation sous conditions: Licence ODC-BY</subfield></datafield><datafield ind1=" " ind2=" " tag="949"><subfield code="a">https://urn.ub.unibe.ch/urn:ch:slsp:9781912554225:ihv:pdf</subfield></datafield><datafield ind1=" " ind2=" " tag="993"><subfield code="a">BFLB 35882</subfield><subfield code="x">ge/ulha/a/0926</subfield><subfield code="9">LOCAL</subfield></datafield></record>
</metadata></record>