<record><header><identifier>oai:alma.41SLSP_UGE:991000038509705502</identifier><datestamp>2024-03-09T01:39:47Z</datestamp><setSpec>uge_bcen_RapidILL_BOOK</setSpec><setSpec>uge_aaca_RapidILL_BOOK</setSpec><setSpec>uge_abels_RapidILL_BOOK</setSpec><setSpec>uge_dbu_RapidILL_BOOK</setSpec><setSpec>uge_cmu_RapidILL_BOOK</setSpec><setSpec>uge_mail_RapidILL_BOOK</setSpec><setSpec>uge_abbat_RapidILL_BOOK</setSpec><setSpec>UNIGE_ALL</setSpec><setSpec>uge_acar_RapidILL_BOOK</setSpec><setSpec>uge_aobs_RapidILL_BOOK</setSpec></header><metadata>
<record xmlns="http://www.loc.gov/MARC21/slim" xmlns:xsi="http://www.w3.org/2001/XMLSchema-instance" xsi:schemaLocation="http://www.loc.gov/MARC21/slim http://www.loc.gov/standards/marcxml/schema/MARC21slim.xsd"><leader>01547nam a22004332c 4500</leader><controlfield tag="001">991000038509705502</controlfield><controlfield tag="005">20240308023650.0</controlfield><controlfield tag="008">201011s1932    sz            00| | ger  </controlfield><datafield ind1=" " ind2=" " tag="035"><subfield code="a">(swissbib)213801728-41slsp_network</subfield></datafield><datafield ind1=" " ind2=" " tag="035"><subfield code="a">213801728</subfield><subfield code="9">ExL</subfield></datafield><datafield ind1=" " ind2=" " tag="035"><subfield code="a">(IDSBB)005756464DSV01</subfield></datafield><datafield ind1=" " ind2=" " tag="035"><subfield code="a">(RERO)R254182260-41slsp</subfield></datafield><datafield ind1=" " ind2=" " tag="035"><subfield code="a">(NEBIS)005448862EBI01</subfield></datafield><datafield ind1=" " ind2=" " tag="035"><subfield code="a">(IDSLU)000841365ILU01</subfield></datafield><datafield ind1=" " ind2=" " tag="035"><subfield code="a">(ABN)000472137ABN01</subfield></datafield><datafield ind1=" " ind2=" " tag="035"><subfield code="a">(EXLNZ-41SLSP_NETWORK)991093169959705501</subfield></datafield><datafield ind1=" " ind2=" " tag="040"><subfield code="a">BiblioMac HFH</subfield><subfield code="e">kids</subfield><subfield code="d">CH-ZuSLS</subfield></datafield><datafield ind1=" " ind2=" " tag="044"><subfield code="a">sz</subfield><subfield code="c">ch-zh</subfield></datafield><datafield ind1=" " ind2="7" tag="072"><subfield code="a">pe</subfield><subfield code="2">rero</subfield></datafield><datafield ind1="1" ind2=" " tag="100"><subfield code="a">Tramer, Moritz</subfield><subfield code="d">1882-1963</subfield><subfield code="0">(DE-588)11881494X</subfield><subfield code="6">880-01</subfield></datafield><datafield ind1="1" ind2=" " tag="880"><subfield code="a">Tramer, Moritz</subfield><subfield code="0">(RERO)A003908406</subfield><subfield code="4">cre</subfield><subfield code="6">100-01</subfield></datafield><datafield ind1="1" ind2="0" tag="245"><subfield code="a">Geistige Hygiene und Heilpädagogik</subfield><subfield code="c">M. Tramer</subfield></datafield><datafield ind1=" " ind2="1" tag="264"><subfield code="a">Zürich</subfield><subfield code="b">Heilpädagogisches Seminar</subfield><subfield code="c">1932</subfield></datafield><datafield ind1=" " ind2=" " tag="300"><subfield code="a">16 S.</subfield><subfield code="c">4'</subfield></datafield><datafield ind1=" " ind2=" " tag="336"><subfield code="b">txt</subfield><subfield code="2">rdacontent</subfield></datafield><datafield ind1=" " ind2=" " tag="337"><subfield code="b">n</subfield><subfield code="2">rdamedia</subfield></datafield><datafield ind1=" " ind2=" " tag="338"><subfield code="b">nc</subfield><subfield code="2">rdacarrier</subfield></datafield><datafield ind1="1" ind2=" " tag="490"><subfield code="a">Arbeiten aus dem heilpädagogischen Seminar Zürich</subfield><subfield code="v">H. 2</subfield></datafield><datafield ind1=" " ind2=" " tag="500"><subfield code="a">Vortrag Jahresversammlung Verband HPS)</subfield></datafield><datafield ind1=" " ind2=" " tag="690"><subfield code="a">Heilpädagogik</subfield><subfield code="2">zph-VW</subfield></datafield><datafield ind1=" " ind2=" " tag="690"><subfield code="a">Psychohygiene</subfield><subfield code="2">zph-VW</subfield></datafield><datafield ind1=" " ind2=" " tag="690"><subfield code="a">Behindertenpädagogik</subfield><subfield code="2">uzb-VY</subfield></datafield><datafield ind1=" " ind2=" " tag="690"><subfield code="a">Verhaltensstörung</subfield><subfield code="2">uzb-VY</subfield></datafield><datafield ind1=" " ind2=" " tag="690"><subfield code="a">Psychotherapie</subfield><subfield code="2">uzb-VY</subfield></datafield><datafield ind1=" " ind2=" " tag="690"><subfield code="a">Heilpädagogik. A.</subfield><subfield code="2">rzs-L1</subfield></datafield><datafield ind1="2" ind2=" " tag="710"><subfield code="a">Heilpädagogisches Seminar Zürich</subfield><subfield code="0">(DE-588)2094647-8</subfield></datafield><datafield ind1=" " ind2=" " tag="830"><subfield code="a">Arbeiten aus dem heilpädagogischen Seminar Zürich</subfield><subfield code="v">2</subfield><subfield code="w">(RERO)2070378-41slsp</subfield></datafield><datafield ind1=" " ind2=" " tag="900"><subfield code="a">REROnoselfmerge</subfield></datafield><datafield ind1=" " ind2=" " tag="900"><subfield code="a">IDSERMedeaSOZARCH</subfield></datafield><datafield ind1=" " ind2=" " tag="900"><subfield code="a">IDSZRMedeaZBZ</subfield><subfield code="b">IDSZRSWK</subfield></datafield></record>
</metadata></record>