<record><header><identifier>oai:alma.41SLSP_UGE:991000038299705502</identifier><datestamp>2023-11-25T02:52:42Z</datestamp><setSpec>uge_bcen_RapidILL_BOOK</setSpec><setSpec>uge_aaca_RapidILL_BOOK</setSpec><setSpec>uge_abels_RapidILL_BOOK</setSpec><setSpec>uge_dbu_RapidILL_BOOK</setSpec><setSpec>uge_cmu_RapidILL_BOOK</setSpec><setSpec>uge_mail_RapidILL_BOOK</setSpec><setSpec>uge_abbat_RapidILL_BOOK</setSpec><setSpec>UNIGE_ALL</setSpec><setSpec>uge_acar_RapidILL_BOOK</setSpec><setSpec>uge_aobs_RapidILL_BOOK</setSpec></header><metadata>
<record xmlns="http://www.loc.gov/MARC21/slim" xmlns:xsi="http://www.w3.org/2001/XMLSchema-instance" xsi:schemaLocation="http://www.loc.gov/MARC21/slim http://www.loc.gov/standards/marcxml/schema/MARC21slim.xsd"><leader>03405nam a2200721 c 4500</leader><controlfield tag="001">991000038299705502</controlfield><controlfield tag="005">20230630205510.0</controlfield><controlfield tag="008">201012s2002    fr ||||| |||| 00| ||eng d</controlfield><datafield ind1=" " ind2=" " tag="020"><subfield code="a">9287148155</subfield></datafield><datafield ind1=" " ind2=" " tag="035"><subfield code="a">(swissbib)239844734-41slsp_network</subfield></datafield><datafield ind1=" " ind2=" " tag="035"><subfield code="a">239844734</subfield><subfield code="9">ExL</subfield></datafield><datafield ind1=" " ind2=" " tag="035"><subfield code="a">(RERO)R003163975-41slsp</subfield></datafield><datafield ind1=" " ind2=" " tag="035"><subfield code="a">(IDSBB)002518588DSV01</subfield></datafield><datafield ind1=" " ind2=" " tag="035"><subfield code="a">(NEBIS)004271948EBI01</subfield></datafield><datafield ind1=" " ind2=" " tag="035"><subfield code="a">(ALEX)bv081980960</subfield></datafield><datafield ind1=" " ind2=" " tag="035"><subfield code="a">(EXLNZ-41SLSP_NETWORK)991143613499705501</subfield></datafield><datafield ind1=" " ind2=" " tag="040"><subfield code="a">RERO geubfd</subfield><subfield code="d">CH-ZuSLS</subfield></datafield><datafield ind1="0" ind2=" " tag="041"><subfield code="a">eng</subfield><subfield code="a">fre</subfield></datafield><datafield ind1=" " ind2="7" tag="072"><subfield code="a">dr</subfield><subfield code="2">rero</subfield></datafield><datafield ind1=" " ind2="7" tag="072"><subfield code="a">rw</subfield><subfield code="2">SzZuIDS BS/BE</subfield></datafield><datafield ind1="0" ind2="4" tag="082"><subfield code="a">340</subfield><subfield code="2">21</subfield></datafield><datafield ind1="0" ind2="4" tag="082"><subfield code="a">341.242</subfield><subfield code="2">21</subfield></datafield><datafield ind1="0" ind2="4" tag="082"><subfield code="a">303.4</subfield></datafield><datafield ind1="1" ind2="4" tag="082"><subfield code="a">340</subfield><subfield code="2">15</subfield></datafield><datafield ind1=" " ind2=" " tag="084"><subfield code="a">D 3 b</subfield><subfield code="2">cjurrom</subfield></datafield><datafield ind1=" " ind2=" " tag="084"><subfield code="a">A 52.3 b</subfield><subfield code="2">cjurrom</subfield></datafield><datafield ind1=" " ind2=" " tag="084"><subfield code="a">PS 4020</subfield><subfield code="2">rvk</subfield></datafield><datafield ind1="0" ind2="0" tag="245"><subfield code="a">Convention on information and legal co-operation concerning &quot;Information Society Services&quot;</subfield><subfield code="c">[Council of Europe ] = Convention sur l'information et la coopération juridique concernant les &quot;Services de la société de l'information&quot; : Moscou, 4.X.2001 / [Conseil de l'Europe]</subfield></datafield><datafield ind1="1" ind2="1" tag="246"><subfield code="a">Convention sur l'information et la coopération juridique concernant les &quot;Services de la société de l'information&quot;, Moscou, 4.X.2001</subfield></datafield><datafield ind1="1" ind2=" " tag="246"><subfield code="a">Convention sur l'information et la coopération juridique concernant les &quot;Services de la société de l'information&quot;</subfield></datafield><datafield ind1=" " ind2="1" tag="264"><subfield code="a">Strasbourg</subfield><subfield code="b">Conseil de l'Europe</subfield><subfield code="c">2002</subfield></datafield><datafield ind1=" " ind2=" " tag="300"><subfield code="a">6 p. (avec pagination double)</subfield><subfield code="c">30 cm</subfield></datafield><datafield ind1=" " ind2=" " tag="336"><subfield code="b">txt</subfield><subfield code="2">rdacontent</subfield></datafield><datafield ind1=" " ind2=" " tag="337"><subfield code="b">n</subfield><subfield code="2">rdamedia</subfield></datafield><datafield ind1=" " ind2=" " tag="338"><subfield code="b">nc</subfield><subfield code="2">rdacarrier</subfield></datafield><datafield ind1="1" ind2=" " tag="490"><subfield code="a">Série des traités européens</subfield><subfield code="v">no 180</subfield></datafield><datafield ind1="1" ind2=" " tag="490"><subfield code="a">European treaty series</subfield><subfield code="v">180</subfield></datafield><datafield ind1=" " ind2=" " tag="500"><subfield code="a">Traité. 2001. Moscou</subfield></datafield><datafield ind1=" " ind2=" " tag="500"><subfield code="a">Staatsvertrag, Moskau 2001</subfield></datafield><datafield ind1=" " ind2=" " tag="500"><subfield code="a">Engl.-franz. Paralleltext</subfield></datafield><datafield ind1="2" ind2="7" tag="610"><subfield code="a">Europarat</subfield><subfield code="2">idszbz</subfield></datafield><datafield ind1="0" ind2="7" tag="630"><subfield code="a">Convention on information and legal co-operation concerning &quot;Information Society Services&quot;</subfield><subfield code="f">2001 Oktober 04</subfield><subfield code="0">(DE-588)4799380-7</subfield><subfield code="2">gnd</subfield></datafield><datafield ind1=" " ind2="7" tag="650"><subfield code="a">Informatik</subfield><subfield code="9">ger</subfield><subfield code="0">(RERO)jurivoc000011679ger</subfield><subfield code="2">jurivoc</subfield></datafield><datafield ind1=" " ind2="7" tag="650"><subfield code="a">Benutzung</subfield><subfield code="9">ger</subfield><subfield code="0">(RERO)jurivoc000003219ger</subfield><subfield code="2">jurivoc</subfield></datafield><datafield ind1=" " ind2="7" tag="650"><subfield code="a">Information(allgemein)</subfield><subfield code="9">ger</subfield><subfield code="0">(RERO)jurivoc000011693ger</subfield><subfield code="2">jurivoc</subfield></datafield><datafield ind1=" " ind2="7" tag="650"><subfield code="a">Beteiligung oder Zusammenarbeit</subfield><subfield code="9">ger</subfield><subfield code="0">(RERO)jurivoc000003699ger</subfield><subfield code="2">jurivoc</subfield></datafield><datafield ind1=" " ind2="7" tag="650"><subfield code="a">Übereinkommen über die Information und Verfahrenshilfe</subfield><subfield code="9">ger</subfield><subfield code="0">(RERO)jurivoc000022976ger</subfield><subfield code="2">jurivoc</subfield></datafield><datafield ind1=" " ind2="7" tag="650"><subfield code="a">coopération juridique internationale</subfield><subfield code="0">(RERO)A010068704</subfield><subfield code="2">rerovoc</subfield></datafield><datafield ind1=" " ind2="7" tag="650"><subfield code="a">système d'information (informatique)</subfield><subfield code="0">(RERO)A010031478</subfield><subfield code="2">rerovoc</subfield></datafield><datafield ind1=" " ind2="7" tag="650"><subfield code="a">Société numérique</subfield><subfield code="0">(IDREF)035733438</subfield><subfield code="2">idref</subfield></datafield><datafield ind1=" " ind2="7" tag="650"><subfield code="a">Internationale Politik</subfield><subfield code="x">Internetdienstleistung</subfield><subfield code="z">Europa</subfield><subfield code="v">Quelle</subfield><subfield code="2">idsbb</subfield></datafield><datafield ind1=" " ind2="7" tag="650"><subfield code="a">Internetdienstleistung</subfield><subfield code="x">Internationale Politik</subfield><subfield code="z">Europa</subfield><subfield code="v">Quelle</subfield><subfield code="2">idsbb</subfield></datafield><datafield ind1=" " ind2="7" tag="650"><subfield code="a">Informationsgesellschaft</subfield><subfield code="2">idszbz</subfield></datafield><datafield ind1=" " ind2="7" tag="650"><subfield code="a">Recht</subfield><subfield code="2">idszbz</subfield></datafield><datafield ind1=" " ind2="0" tag="650"><subfield code="a">Information services</subfield><subfield code="z">Europe</subfield></datafield><datafield ind1=" " ind2="7" tag="655"><subfield code="a">Textreproduktion</subfield><subfield code="9">ger</subfield><subfield code="2">jurivoc</subfield><subfield code="0">(RERO)jurivoc000022433ger</subfield></datafield><datafield ind1=" " ind2="7" tag="655"><subfield code="a">Traités</subfield><subfield code="0">(IDREF)027442993</subfield><subfield code="2">idref</subfield></datafield><datafield ind1=" " ind2="7" tag="655"><subfield code="a">Quelle</subfield><subfield code="2">idszbz</subfield></datafield><datafield ind1="2" ind2=" " tag="710"><subfield code="a">Europarat</subfield><subfield code="0">(DE-588)36821-0</subfield></datafield><datafield ind1="2" ind2=" " tag="710"><subfield code="a">Council of Europe</subfield><subfield code="0">(IDREF)079262880</subfield></datafield><datafield ind1=" " ind2="0" tag="830"><subfield code="a">European treaty series</subfield><subfield code="v">180</subfield><subfield code="w">(IDSBB)000594058DSV01</subfield></datafield><datafield ind1=" " ind2="0" tag="830"><subfield code="a">European treaty series</subfield><subfield code="v">180</subfield><subfield code="w">(RERO)0076403-41slsp</subfield></datafield><datafield ind1=" " ind2="0" tag="830"><subfield code="a">European treaty series</subfield><subfield code="v">180</subfield><subfield code="w">(NEBIS)000986991EBI01</subfield></datafield><datafield ind1=" " ind2=" " tag="900"><subfield code="a">IDSZ2rwimon200202e</subfield><subfield code="c">IDSZ2rosi 020218</subfield><subfield code="d">IDSZ2rwiswk200209b</subfield><subfield code="e">IDSZ2meim</subfield></datafield><datafield ind1=" " ind2=" " tag="900"><subfield code="a">IDSZ2zbzmon200202l</subfield><subfield code="c">IDSZ2haab</subfield><subfield code="d">IDSZ2zbzswk200408u</subfield></datafield></record>
</metadata></record>