<record><header><identifier>oai:alma.41SLSP_UGE:991000038109705502</identifier><datestamp>2023-03-01T01:08:49Z</datestamp><setSpec>uge_bcen_RapidILL_BOOK</setSpec><setSpec>uge_aaca_RapidILL_BOOK</setSpec><setSpec>uge_abels_RapidILL_BOOK</setSpec><setSpec>uge_dbu_RapidILL_BOOK</setSpec><setSpec>uge_cmu_RapidILL_BOOK</setSpec><setSpec>uge_mail_RapidILL_BOOK</setSpec><setSpec>UNIGE_ALL</setSpec><setSpec>uge_abbat_RapidILL_BOOK</setSpec><setSpec>uge_acar_RapidILL_BOOK</setSpec><setSpec>uge_aobs_RapidILL_BOOK</setSpec></header><metadata>
<record xmlns="http://www.loc.gov/MARC21/slim" xmlns:xsi="http://www.w3.org/2001/XMLSchema-instance" xsi:schemaLocation="http://www.loc.gov/MARC21/slim http://www.loc.gov/standards/marcxml/schema/MARC21slim.xsd"><leader>02782nam a2200313 c 4500</leader><controlfield tag="001">991000038109705502</controlfield><controlfield tag="005">20230204205857.0</controlfield><controlfield tag="008">000905s1984    gr ||||| |||| 10| ||gre d</controlfield><datafield ind1=" " ind2=" " tag="035"><subfield code="a">(swissbib)093860234-41slsp_network</subfield></datafield><datafield ind1=" " ind2=" " tag="035"><subfield code="a">093860234</subfield><subfield code="9">ExL</subfield></datafield><datafield ind1=" " ind2=" " tag="035"><subfield code="a">(RERO)R239654160-41slsp</subfield></datafield><datafield ind1=" " ind2=" " tag="035"><subfield code="a">(EXLNZ-41SLSP_NETWORK)991158575129705501</subfield></datafield><datafield ind1=" " ind2=" " tag="040"><subfield code="a">RERO geulgm</subfield><subfield code="d">CH-ZuSLS</subfield></datafield><datafield ind1=" " ind2="7" tag="072"><subfield code="a">hg</subfield><subfield code="2">rero</subfield></datafield><datafield ind1=" " ind2="7" tag="072"><subfield code="a">sp</subfield><subfield code="2">rero</subfield></datafield><datafield ind1="0" ind2="0" tag="245"><subfield code="6">880-01</subfield><subfield code="a">&lt;&lt;To&gt;&gt; oikologiko provlēma tēs Pentelēs</subfield><subfield code="b">symposio</subfield><subfield code="c">hypo tēn aigida tou hypourgeiou politismou kai epistēmōn</subfield></datafield><datafield ind1="0" ind2="0" tag="880"><subfield code="6">245-01/(S</subfield><subfield code="a">&lt;&lt;Το&gt;&gt; οικολογικό πρόβλημα της Πεντέλης</subfield><subfield code="b">συμπόσιο</subfield><subfield code="c">υπό υην αιγίδα του Υπουργείου πολιτισμού και επιστήμων</subfield></datafield><datafield ind1="1" ind2=" " tag="246"><subfield code="a">Oikologikó próvli̲ma ti̲s Penḏéli̲s</subfield><subfield code="b">symḇósio / ypo ti̲n aigída tou Ypourgeíou politismoú kai epist̲imo̲n</subfield></datafield><datafield ind1=" " ind2="1" tag="264"><subfield code="6">880-02</subfield><subfield code="a">Ath̲ina</subfield><subfield code="b">Ekd. Exo̲raïstikós epimorfo̲tikós sýllogos ti̲s Pendéli̲s</subfield><subfield code="c">1984</subfield></datafield><datafield ind1=" " ind2="1" tag="880"><subfield code="6">264-02/(S</subfield><subfield code="a">Αθήνα</subfield><subfield code="b">Εκδ. Εξωραϊστικός επιμορφωτικός σύλλογος της Πεντέλης</subfield><subfield code="c">1984</subfield></datafield><datafield ind1=" " ind2=" " tag="300"><subfield code="a">69 p.</subfield><subfield code="b">ill.</subfield><subfield code="c">21 cm</subfield></datafield><datafield ind1=" " ind2=" " tag="336"><subfield code="b">txt</subfield><subfield code="2">rdacontent</subfield></datafield><datafield ind1=" " ind2=" " tag="337"><subfield code="b">n</subfield><subfield code="2">rdamedia</subfield></datafield><datafield ind1=" " ind2=" " tag="338"><subfield code="b">nc</subfield><subfield code="2">rdacarrier</subfield></datafield><datafield ind1=" " ind2="7" tag="650"><subfield code="a">Écologie</subfield><subfield code="0">(IDREF)027232700</subfield><subfield code="2">idref</subfield></datafield><datafield ind1=" " ind2="7" tag="651"><subfield code="a">Pentélique (Grèce, mont)</subfield><subfield code="0">(RERO)A010185912</subfield><subfield code="2">rero</subfield></datafield><datafield ind1=" " ind2="7" tag="655"><subfield code="a">Actes de congrès</subfield><subfield code="0">(IDREF)02886431X</subfield><subfield code="2">idref</subfield></datafield><datafield ind1="2" ind2=" " tag="711"><subfield code="6">880-03</subfield><subfield code="a">Symbosio gia to Pendeliko vouno</subfield><subfield code="n">3</subfield><subfield code="d">1983</subfield><subfield code="c">Athēna</subfield><subfield code="0">(RERO)A016360578</subfield></datafield><datafield ind1="2" ind2=" " tag="880"><subfield code="6">711-03/(S</subfield><subfield code="a">Συμπόσιο για το Πεντελικό βουνό</subfield><subfield code="n">3</subfield><subfield code="d">1983</subfield><subfield code="c">Αθήνα</subfield></datafield><datafield ind1=" " ind2=" " tag="900"><subfield code="a">REROnoselfmerge</subfield></datafield></record>
</metadata></record>