<record><header><identifier>oai:alma.41SLSP_UGE:991000038959705502</identifier><datestamp>2023-03-01T01:08:49Z</datestamp><setSpec>uge_bcen_RapidILL_BOOK</setSpec><setSpec>uge_aaca_RapidILL_BOOK</setSpec><setSpec>uge_abels_RapidILL_BOOK</setSpec><setSpec>uge_dbu_RapidILL_BOOK</setSpec><setSpec>uge_cmu_RapidILL_BOOK</setSpec><setSpec>uge_mail_RapidILL_BOOK</setSpec><setSpec>uge_abbat_RapidILL_BOOK</setSpec><setSpec>UNIGE_ALL</setSpec><setSpec>uge_acar_RapidILL_BOOK</setSpec><setSpec>uge_aobs_RapidILL_BOOK</setSpec></header><metadata>
<record xmlns="http://www.loc.gov/MARC21/slim" xmlns:xsi="http://www.w3.org/2001/XMLSchema-instance" xsi:schemaLocation="http://www.loc.gov/MARC21/slim http://www.loc.gov/standards/marcxml/schema/MARC21slim.xsd"><leader>01295nam a2200313 c 4500</leader><controlfield tag="001">991000038959705502</controlfield><controlfield tag="005">20230227192353.0</controlfield><controlfield tag="008">201011s1970    xxu||||| |||| 00| ||eng d</controlfield><datafield ind1=" " ind2=" " tag="035"><subfield code="a">(swissbib)212886703-41slsp_network</subfield></datafield><datafield ind1=" " ind2=" " tag="035"><subfield code="a">212886703</subfield><subfield code="9">ExL</subfield></datafield><datafield ind1=" " ind2=" " tag="035"><subfield code="a">(RERO)2062927-41slsp</subfield></datafield><datafield ind1=" " ind2=" " tag="035"><subfield code="a">(IDSBB)004926249DSV01</subfield></datafield><datafield ind1=" " ind2=" " tag="035"><subfield code="a">(EXLNZ-41SLSP_NETWORK)991159172809705501</subfield></datafield><datafield ind1=" " ind2=" " tag="040"><subfield code="a">RERO geulan</subfield><subfield code="d">CH-ZuSLS</subfield></datafield><datafield ind1=" " ind2="7" tag="072"><subfield code="a">an</subfield><subfield code="2">rero</subfield></datafield><datafield ind1="1" ind2=" " tag="100"><subfield code="a">Miller, Joseph Hillis</subfield><subfield code="0">(RERO)A003595513</subfield><subfield code="4">cre</subfield></datafield><datafield ind1="1" ind2="0" tag="245"><subfield code="a">&lt;&lt;The&gt;&gt; form of Victorian fiction</subfield><subfield code="b">Thackeray, Dickens, Trollope, George Eliot, Meredith, and Hardy</subfield><subfield code="c">J. Hillis Miller</subfield></datafield><datafield ind1=" " ind2=" " tag="250"><subfield code="a">[2nd printing]</subfield></datafield><datafield ind1=" " ind2="1" tag="264"><subfield code="a">Notre Dame Ind.</subfield><subfield code="a">London</subfield><subfield code="b">Univ. of Notre Dame Press</subfield><subfield code="c">1970</subfield></datafield><datafield ind1=" " ind2=" " tag="300"><subfield code="a">XIII, 151 p.</subfield><subfield code="c">21 cm</subfield></datafield><datafield ind1=" " ind2=" " tag="336"><subfield code="b">txt</subfield><subfield code="2">rdacontent</subfield></datafield><datafield ind1=" " ind2=" " tag="337"><subfield code="b">n</subfield><subfield code="2">rdamedia</subfield></datafield><datafield ind1=" " ind2=" " tag="338"><subfield code="b">nc</subfield><subfield code="2">rdacarrier</subfield></datafield><datafield ind1="1" ind2=" " tag="490"><subfield code="a">University of Notre Dame Ward-Philps lectures in English language and literature</subfield><subfield code="v">vol. 2</subfield></datafield><datafield ind1=" " ind2="7" tag="650"><subfield code="a">Roman anglais</subfield><subfield code="0">(IDREF)028221052</subfield><subfield code="2">idref</subfield></datafield><datafield ind1=" " ind2="7" tag="650"><subfield code="a">1837-1901</subfield><subfield code="2">rero</subfield></datafield><datafield ind1="1" ind2=" " tag="700"><subfield code="a">Miller, J. Hillis</subfield><subfield code="d">1928-2021</subfield><subfield code="0">(DE-588)122789784</subfield></datafield><datafield ind1=" " ind2="0" tag="830"><subfield code="a">Ward-Phillips lectures in English language and literature</subfield><subfield code="v">2</subfield><subfield code="w">(IDSBB)000417439DSV01</subfield></datafield><datafield ind1=" " ind2="0" tag="830"><subfield code="a">University of Notre Dame Ward-Philips lectures in English language and literature</subfield><subfield code="v">2</subfield><subfield code="w">(RERO)2086649-41slsp</subfield></datafield><datafield ind1=" " ind2=" " tag="900"><subfield code="a">REROnoselfmerge</subfield></datafield></record>
</metadata></record>