<record><header><identifier>oai:alma.41SLSP_UGE:991000038229705502</identifier><datestamp>2023-03-01T01:08:49Z</datestamp><setSpec>uge_cmu_RapidILL_JOURNAL</setSpec><setSpec>uge_aobs_RapidILL_JOURNAL</setSpec><setSpec>uge_aaca_RapidILL_JOURNAL</setSpec><setSpec>uge_bcen_RapidILL_JOURNAL</setSpec><setSpec>uge_abbat_RapidILL_JOURNAL</setSpec><setSpec>uge_mail_RapidILL_JOURNAL</setSpec><setSpec>uge_dbu_RapidILL_JOURNAL</setSpec><setSpec>UNIGE_ALL</setSpec><setSpec>uge_abels_RapidILL_JOURNAL</setSpec><setSpec>uge_acar_RapidILL_JOURNAL</setSpec></header><metadata>
<record xmlns="http://www.loc.gov/MARC21/slim" xmlns:xsi="http://www.w3.org/2001/XMLSchema-instance" xsi:schemaLocation="http://www.loc.gov/MARC21/slim http://www.loc.gov/standards/marcxml/schema/MARC21slim.xsd"><leader>02221nas a2200349 c 4500</leader><controlfield tag="001">991000038229705502</controlfield><controlfield tag="005">20230217224350.0</controlfield><controlfield tag="008">960525d19461984sz || p|  ||| 0    0fre d</controlfield><datafield ind1=" " ind2=" " tag="035"><subfield code="a">(swissbib)076747018-41slsp_network</subfield></datafield><datafield ind1=" " ind2=" " tag="035"><subfield code="a">076747018</subfield><subfield code="9">ExL</subfield></datafield><datafield ind1=" " ind2=" " tag="035"><subfield code="a">(RERO)0055266-41slsp</subfield></datafield><datafield ind1=" " ind2=" " tag="035"><subfield code="a">(EXLNZ-41SLSP_NETWORK)991115509129705501</subfield></datafield><datafield ind1=" " ind2=" " tag="040"><subfield code="a">RERO</subfield><subfield code="d">CH-ZuSLS</subfield></datafield><datafield ind1="0" ind2=" " tag="041"><subfield code="a">fre</subfield><subfield code="a">ger</subfield></datafield><datafield ind1=" " ind2="7" tag="072"><subfield code="a">ht</subfield><subfield code="2">rero</subfield></datafield><datafield ind1=" " ind2=" " tag="084"><subfield code="a">CA/CH 10 a</subfield><subfield code="2">cjurrom</subfield></datafield><datafield ind1="0" ind2="0" tag="245"><subfield code="a">Bibliographie der schweizerischen Amtsdruckschriften</subfield><subfield code="b">(ohne Periodica)</subfield><subfield code="c">hrsg. von der Schweizerischen Landesbibliothek = Bibliographie des publications officielles suisses : (à l'exclusion des périodiques)</subfield></datafield><datafield ind1="1" ind2=" " tag="246"><subfield code="a">Bibliographie des publications officielles suisses</subfield><subfield code="b">(à l'exclusion des périodiques)</subfield></datafield><datafield ind1=" " ind2="1" tag="264"><subfield code="a">Berne</subfield><subfield code="b">Bibliothèque nationale suisse</subfield><subfield code="c">1947-1985</subfield></datafield><datafield ind1=" " ind2=" " tag="300"><subfield code="c">21 cm</subfield></datafield><datafield ind1=" " ind2=" " tag="336"><subfield code="b">txt</subfield><subfield code="2">rdacontent</subfield></datafield><datafield ind1=" " ind2=" " tag="337"><subfield code="b">n</subfield><subfield code="2">rdamedia</subfield></datafield><datafield ind1=" " ind2=" " tag="338"><subfield code="b">nc</subfield><subfield code="2">rdacarrier</subfield></datafield><datafield ind1="0" ind2=" " tag="362"><subfield code="a">Bd. 1(1946) - Bd. 39(1984)</subfield></datafield><datafield ind1=" " ind2=" " tag="580"><subfield code="a">A pour supplément: Bibliographie der schweizerischen Amtsdruckschriften. Sonderheft, Periodische Amtsdruckschriften von Bund, Kantonen und Gemeinden... / hrsg. von der Schweizerischen Landesbibliothek = Bibliographie des publications officielles suisses. Numéro spécial, Publications officielles périodiques de la Confédération, des cantons et des communes... / publication de la Bibliothèque nationale suisse</subfield></datafield><datafield ind1=" " ind2=" " tag="580"><subfield code="a">Continué par: Schweizerische Amtsdruckschriften = Publications officielles suisses</subfield></datafield><datafield ind1=" " ind2="7" tag="650"><subfield code="a">publication officielle</subfield><subfield code="0">(RERO)A009950141</subfield><subfield code="2">rerovoc</subfield></datafield><datafield ind1=" " ind2="7" tag="651"><subfield code="a">Suisse</subfield><subfield code="0">(IDREF)027249654</subfield><subfield code="2">idref</subfield></datafield><datafield ind1=" " ind2="7" tag="655"><subfield code="a">Bibliographie</subfield><subfield code="0">(IDREF)027229386</subfield><subfield code="2">idref</subfield></datafield><datafield ind1="2" ind2=" " tag="710"><subfield code="a">Bibliothèque nationale suisse</subfield><subfield code="0">(RERO)A000183067</subfield></datafield><datafield ind1="0" ind2="0" tag="785"><subfield code="t">Schweizerische Amtsdruckschriften = Publications officielles suisses</subfield></datafield><datafield ind1="0" ind2=" " tag="770"><subfield code="t">Bibliographie der schweizerischen Amtsdruckschriften. Sonderheft, Periodische Amtsdruckschriften von Bund, Kantonen und Gemeinden... / hrsg. von der Schweizerischen Landesbibliothek = Bibliographie des publications officielles suisses. Numéro spécial, Publications officielles périodiques de la Confédération, des cantons et des communes... / publication de la Bibliothèque nationale suisse</subfield></datafield><datafield ind1=" " ind2=" " tag="900"><subfield code="a">REROnoselfmerge</subfield></datafield></record>
</metadata></record>