<record><header><identifier>oai:alma.41SLSP_UGE:991000038019705502</identifier><datestamp>2024-11-01T01:17:59Z</datestamp><setSpec>uge_bcen_RapidILL_BOOK</setSpec><setSpec>uge_aaca_RapidILL_BOOK</setSpec><setSpec>uge_abels_RapidILL_BOOK</setSpec><setSpec>uge_dbu_RapidILL_BOOK</setSpec><setSpec>uge_cmu_RapidILL_BOOK</setSpec><setSpec>uge_mail_RapidILL_BOOK</setSpec><setSpec>uge_abbat_RapidILL_BOOK</setSpec><setSpec>UNIGE_ALL</setSpec><setSpec>uge_aobs_RapidILL_BOOK</setSpec><setSpec>uge_acar_RapidILL_BOOK</setSpec></header><metadata>
<record xmlns="http://www.loc.gov/MARC21/slim" xmlns:xsi="http://www.w3.org/2001/XMLSchema-instance" xsi:schemaLocation="http://www.loc.gov/MARC21/slim http://www.loc.gov/standards/marcxml/schema/MARC21slim.xsd"><leader>01112nam a2200265 c 4500</leader><controlfield tag="001">991000038019705502</controlfield><controlfield tag="005">20241031173036.0</controlfield><controlfield tag="008">000725s1814    fr ||||| |||| 00| ||fre d</controlfield><datafield ind1=" " ind2=" " tag="035"><subfield code="a">(swissbib)077625021-41slsp_network</subfield></datafield><datafield ind1=" " ind2=" " tag="035"><subfield code="a">077625021</subfield><subfield code="9">ExL</subfield></datafield><datafield ind1=" " ind2=" " tag="035"><subfield code="a">(RERO)0201834-41slsp</subfield></datafield><datafield ind1=" " ind2=" " tag="035"><subfield code="a">(EXLNZ-41SLSP_NETWORK)991148944279705501</subfield></datafield><datafield ind1=" " ind2=" " tag="040"><subfield code="a">RERO</subfield><subfield code="d">CH-ZuSLS</subfield></datafield><datafield ind1=" " ind2="7" tag="072"><subfield code="a">ht</subfield><subfield code="2">rero</subfield></datafield><datafield ind1="1" ind2=" " tag="100"><subfield code="a">Bellemare, Jean François</subfield><subfield code="d">1768-1848</subfield><subfield code="0">(IDREF)194652254</subfield><subfield code="4">cre</subfield></datafield><datafield ind1="1" ind2="0" tag="245"><subfield code="a">&lt;&lt;Les&gt;&gt; remontrances du parterre ; ou Lettre d'un homme qui n'est rien à tous ceux qui ne sont rien</subfield><subfield code="c">[Jérôme Le Franc]</subfield></datafield><datafield ind1="1" ind2=" " tag="246"><subfield code="a">Remontrances du parterre</subfield></datafield><datafield ind1=" " ind2="1" tag="264"><subfield code="a">Paris</subfield><subfield code="b">Chez les marchands de nouveautés</subfield><subfield code="c">1814</subfield></datafield><datafield ind1=" " ind2=" " tag="300"><subfield code="a">16 p.</subfield><subfield code="c">21 cm</subfield></datafield><datafield ind1=" " ind2=" " tag="336"><subfield code="b">txt</subfield><subfield code="2">rdacontent</subfield></datafield><datafield ind1=" " ind2=" " tag="337"><subfield code="b">n</subfield><subfield code="2">rdamedia</subfield></datafield><datafield ind1=" " ind2=" " tag="338"><subfield code="b">nc</subfield><subfield code="2">rdacarrier</subfield></datafield><datafield ind1=" " ind2=" " tag="500"><subfield code="a">Texte signé: Jérôme Le Franc</subfield></datafield><datafield ind1="0" ind2="8" tag="776"><subfield code="i">Publié également comme</subfield><subfield code="n">édition en ligne</subfield><subfield code="t">&lt;&lt;Les&gt;&gt; remontrances du parterre ; ou Lettre d'un homme qui n'est rien à tous ceux qui ne sont rien</subfield><subfield code="w">991171973186305501</subfield></datafield><datafield ind1="4" ind2="1" tag="856"><subfield code="u">http://books.google.ch/books?vid=BCUL1094754710</subfield><subfield code="z">Extraits?</subfield><subfield code="z">Googlos 2007-2009</subfield></datafield><datafield ind1=" " ind2=" " tag="900"><subfield code="a">REROswissbibnomerge</subfield></datafield></record>
</metadata></record>