<record><header><identifier>oai:alma.41SLSP_UGE:991000038119705502</identifier><datestamp>2023-03-01T01:08:49Z</datestamp><setSpec>uge_bcen_RapidILL_BOOK</setSpec><setSpec>uge_aaca_RapidILL_BOOK</setSpec><setSpec>uge_abels_RapidILL_BOOK</setSpec><setSpec>uge_dbu_RapidILL_BOOK</setSpec><setSpec>uge_cmu_RapidILL_BOOK</setSpec><setSpec>uge_mail_RapidILL_BOOK</setSpec><setSpec>UNIGE_ALL</setSpec><setSpec>uge_abbat_RapidILL_BOOK</setSpec><setSpec>uge_aobs_RapidILL_BOOK</setSpec><setSpec>uge_acar_RapidILL_BOOK</setSpec></header><metadata>
<record xmlns="http://www.loc.gov/MARC21/slim" xmlns:xsi="http://www.w3.org/2001/XMLSchema-instance" xsi:schemaLocation="http://www.loc.gov/MARC21/slim http://www.loc.gov/standards/marcxml/schema/MARC21slim.xsd"><leader>01375nam a2200373 c 4500</leader><controlfield tag="001">991000038119705502</controlfield><controlfield tag="005">20201231115543.0</controlfield><controlfield tag="008">201012s2004    xxk||||| |||| 00| ||eng d</controlfield><datafield ind1=" " ind2=" " tag="020"><subfield code="a">0521827914</subfield><subfield code="q">hardback</subfield></datafield><datafield ind1=" " ind2=" " tag="020"><subfield code="a">0521535131</subfield><subfield code="q">paperback</subfield></datafield><datafield ind1="7" ind2=" " tag="024"><subfield code="a">http://catalogue.bnf.fr/ark:/12148/cb401593251</subfield><subfield code="2">uri</subfield></datafield><datafield ind1=" " ind2=" " tag="035"><subfield code="a">(swissbib)237756595-41slsp_network</subfield></datafield><datafield ind1=" " ind2=" " tag="035"><subfield code="a">237756595</subfield><subfield code="9">ExL</subfield></datafield><datafield ind1=" " ind2=" " tag="035"><subfield code="a">(RERO)R003637442-41slsp</subfield></datafield><datafield ind1=" " ind2=" " tag="035"><subfield code="a">(IDSBB)003245120DSV01</subfield></datafield><datafield ind1=" " ind2=" " tag="035"><subfield code="a">(EXLNZ-41SLSP_NETWORK)991117093859705501</subfield></datafield><datafield ind1=" " ind2=" " tag="040"><subfield code="a">RERO frbcuc</subfield><subfield code="d">CH-ZuSLS</subfield></datafield><datafield ind1=" " ind2="7" tag="072"><subfield code="a">an</subfield><subfield code="2">rero</subfield></datafield><datafield ind1=" " ind2="7" tag="072"><subfield code="a">le</subfield><subfield code="2">SzZuIDS BS/BE</subfield></datafield><datafield ind1=" " ind2=" " tag="084"><subfield code="a">HI 3270</subfield><subfield code="2">rvk</subfield></datafield><datafield ind1="1" ind2=" " tag="100"><subfield code="6">880-01</subfield><subfield code="a">Shakespeare, William</subfield><subfield code="d">1564-1616</subfield><subfield code="0">(IDREF)027136086</subfield><subfield code="4">cre</subfield></datafield><datafield ind1="1" ind2=" " tag="880"><subfield code="a">Shakespeare, William</subfield><subfield code="d">1564-1616</subfield><subfield code="0">(DE-588)118613723</subfield><subfield code="6">100-01</subfield></datafield><datafield ind1="1" ind2="0" tag="245"><subfield code="a">Julius Caesar</subfield><subfield code="c">ed. by Marvin Spevack</subfield></datafield><datafield ind1=" " ind2=" " tag="250"><subfield code="a">Updated ed.</subfield></datafield><datafield ind1=" " ind2="1" tag="264"><subfield code="a">Cambridge [etc.]</subfield><subfield code="b">Cambridge University press</subfield><subfield code="c">2004</subfield></datafield><datafield ind1=" " ind2=" " tag="300"><subfield code="a">XVI, 209 p.</subfield><subfield code="b">ill.</subfield><subfield code="c">24 cm</subfield></datafield><datafield ind1=" " ind2=" " tag="336"><subfield code="b">txt</subfield><subfield code="2">rdacontent</subfield></datafield><datafield ind1=" " ind2=" " tag="337"><subfield code="b">n</subfield><subfield code="2">rdamedia</subfield></datafield><datafield ind1=" " ind2=" " tag="338"><subfield code="b">nc</subfield><subfield code="2">rdacarrier</subfield></datafield><datafield ind1="1" ind2=" " tag="490"><subfield code="a">The new Cambridge Shakespeare</subfield></datafield><datafield ind1="1" ind2="7" tag="600"><subfield code="a">Shakespeare, William</subfield><subfield code="d">1564-1616</subfield><subfield code="t">Julius Caesar</subfield><subfield code="0">(IDREF)027272648</subfield><subfield code="2">idref</subfield></datafield><datafield ind1="1" ind2=" " tag="700"><subfield code="a">Spevack, Marvin</subfield><subfield code="d">1927-2013</subfield><subfield code="0">(DE-588)1029389500</subfield><subfield code="6">880-02</subfield></datafield><datafield ind1="1" ind2=" " tag="880"><subfield code="6">700-02</subfield><subfield code="a">Spevack, Marvin</subfield><subfield code="0">(IDREF)029219337</subfield></datafield><datafield ind1="1" ind2=" " tag="800"><subfield code="a">Shakespeare, William</subfield><subfield code="d">1564-1616</subfield><subfield code="t">Werke</subfield><subfield code="w">(IDSBB)000059167DSV01</subfield></datafield><datafield ind1=" " ind2=" " tag="900"><subfield code="a">REROnoselfmerge</subfield></datafield></record>
</metadata></record>