<record><header><identifier>oai:alma.41SLSP_UGE:991000038539705502</identifier><datestamp>2023-03-01T01:08:49Z</datestamp><setSpec>UNIGE_ALL</setSpec></header><metadata>
<record xmlns="http://www.loc.gov/MARC21/slim" xmlns:xsi="http://www.w3.org/2001/XMLSchema-instance" xsi:schemaLocation="http://www.loc.gov/MARC21/slim http://www.loc.gov/standards/marcxml/schema/MARC21slim.xsd"><leader>01567njm a2200361 c 4500</leader><controlfield tag="001">991000038539705502</controlfield><controlfield tag="005">20220421104223.0</controlfield><controlfield tag="007">sd#f||g|||||||</controlfield><controlfield tag="008">930823s1993    xx ||n||            lat d</controlfield><datafield ind1="0" ind2="2" tag="028"><subfield code="a">Opus 111 OPS 30-80</subfield></datafield><datafield ind1=" " ind2=" " tag="035"><subfield code="a">(swissbib)087889315-41slsp_network</subfield></datafield><datafield ind1=" " ind2=" " tag="035"><subfield code="a">087889315</subfield><subfield code="9">ExL</subfield></datafield><datafield ind1=" " ind2=" " tag="035"><subfield code="a">(RERO)1728858-41slsp</subfield></datafield><datafield ind1=" " ind2=" " tag="035"><subfield code="a">(EXLNZ-41SLSP_NETWORK)991127396939705501</subfield></datafield><datafield ind1=" " ind2=" " tag="040"><subfield code="a">RERO labcur</subfield><subfield code="d">CH-ZuSLS</subfield></datafield><datafield ind1=" " ind2="7" tag="072"><subfield code="a">mu</subfield><subfield code="2">rero</subfield></datafield><datafield ind1="1" ind2=" " tag="100"><subfield code="a">Hasse, Johann Adolf</subfield><subfield code="d">1699-1783</subfield><subfield code="0">(IDREF)06704218X</subfield><subfield code="4">cre</subfield></datafield><datafield ind1="1" ind2="0" tag="245"><subfield code="a">Requiem in C major</subfield><subfield code="b">; Miserere in e minor</subfield><subfield code="c">Johann Adolf Hasse</subfield></datafield><datafield ind1=" " ind2="1" tag="264"><subfield code="a">[Lieu de publication non identifié]</subfield><subfield code="b">Opus 111</subfield><subfield code="c">P 1993</subfield></datafield><datafield ind1=" " ind2=" " tag="300"><subfield code="a">1 disque compact</subfield><subfield code="b">DDD</subfield></datafield><datafield ind1=" " ind2=" " tag="336"><subfield code="b">prm</subfield><subfield code="2">rdacontent</subfield></datafield><datafield ind1=" " ind2=" " tag="337"><subfield code="b">s</subfield><subfield code="2">rdamedia</subfield></datafield><datafield ind1=" " ind2=" " tag="338"><subfield code="b">sd</subfield><subfield code="2">rdacarrier</subfield></datafield><datafield ind1="0" ind2=" " tag="511"><subfield code="a">Interpr.: Dombrecht, Paul (direction) ; Moncayo von Hase, Susanna (alto) ; Reyghere, Greta de (soprano) ; Honeyman, Ian (ténor) ; Snellings, Dirk (basse) ; Il fondamento. Orchestre (orch.) ; Il fondamento. Choeur (choeur)</subfield></datafield><datafield ind1="1" ind2=" " tag="700"><subfield code="a">Dombrecht, Paul</subfield><subfield code="d">1948-....</subfield><subfield code="0">(IDREF)080715583</subfield></datafield><datafield ind1="1" ind2=" " tag="700"><subfield code="6">880-01</subfield><subfield code="a">Moncayo, Susanna</subfield><subfield code="c">chanteuse</subfield><subfield code="d">19..-....</subfield><subfield code="0">(IDREF)191228931</subfield></datafield><datafield ind1="1" ind2=" " tag="880"><subfield code="a">Moncayo von Hase, Susanna</subfield><subfield code="6">700-01/(B</subfield><subfield code="0">(DE-588)1089850522</subfield><subfield code="4">sng</subfield></datafield><datafield ind1="1" ind2=" " tag="700"><subfield code="a">De Reyghère, Greta</subfield><subfield code="d">19..-....</subfield><subfield code="0">(IDREF)114486417</subfield></datafield><datafield ind1="1" ind2=" " tag="700"><subfield code="a">Honeyman, Ian</subfield><subfield code="d">1953-....</subfield><subfield code="0">(IDREF)13741384X</subfield></datafield><datafield ind1="1" ind2=" " tag="700"><subfield code="a">Snellings, Dirk</subfield><subfield code="d">19..-....</subfield><subfield code="0">(IDREF)155877100</subfield></datafield><datafield ind1="1" ind2="2" tag="700"><subfield code="a">Hasse, Johann Adolf</subfield><subfield code="t">Miserere.</subfield><subfield code="r">Mi mineur</subfield></datafield><datafield ind1="1" ind2="2" tag="700"><subfield code="a">Hasse, Johann Adolf</subfield><subfield code="t">Requiem.</subfield><subfield code="r">Do majeur</subfield></datafield><datafield ind1="2" ind2=" " tag="710"><subfield code="a">Fondamento</subfield><subfield code="0">(RERO)A003250699</subfield></datafield><datafield ind1=" " ind2=" " tag="900"><subfield code="a">REROnoselfmerge</subfield></datafield><datafield ind1=" " ind2=" " tag="960"><subfield code="2">matmu</subfield><subfield code="a">XVIIIe ; Baroque ; Requiem ; Miserere ; Messes ; Musique sacrée</subfield><subfield code="9">LOCAL</subfield></datafield></record>
</metadata></record>