<record><header><identifier>oai:alma.41SLSP_UGE:991000038659705502</identifier><datestamp>2024-02-08T01:18:35Z</datestamp><setSpec>uge_bcen_RapidILL_BOOK</setSpec><setSpec>uge_aaca_RapidILL_BOOK</setSpec><setSpec>uge_abels_RapidILL_BOOK</setSpec><setSpec>uge_dbu_RapidILL_BOOK</setSpec><setSpec>uge_cmu_RapidILL_BOOK</setSpec><setSpec>uge_mail_RapidILL_BOOK</setSpec><setSpec>uge_abbat_RapidILL_BOOK</setSpec><setSpec>UNIGE_ALL</setSpec><setSpec>uge_aobs_RapidILL_BOOK</setSpec><setSpec>uge_acar_RapidILL_BOOK</setSpec></header><metadata>
<record xmlns="http://www.loc.gov/MARC21/slim" xmlns:xsi="http://www.w3.org/2001/XMLSchema-instance" xsi:schemaLocation="http://www.loc.gov/MARC21/slim http://www.loc.gov/standards/marcxml/schema/MARC21slim.xsd"><leader>02358nam a2200409 c 4500</leader><controlfield tag="001">991000038659705502</controlfield><controlfield tag="005">20230410175326.0</controlfield><controlfield tag="008">201011s1977    it ||||| |||| 10| ||eng d</controlfield><datafield ind1=" " ind2=" " tag="035"><subfield code="a">(swissbib)216095174-41slsp_network</subfield></datafield><datafield ind1=" " ind2=" " tag="035"><subfield code="a">216095174</subfield><subfield code="9">ExL</subfield></datafield><datafield ind1=" " ind2=" " tag="035"><subfield code="a">(RERO)0904340-41slsp</subfield></datafield><datafield ind1=" " ind2=" " tag="035"><subfield code="a">(IDSBB)000923085DSV01</subfield></datafield><datafield ind1=" " ind2=" " tag="035"><subfield code="a">(EXLNZ-41SLSP_NETWORK)991086583299705501</subfield></datafield><datafield ind1=" " ind2=" " tag="040"><subfield code="a">RERO lausst</subfield><subfield code="d">CH-ZuSLS</subfield></datafield><datafield ind1="0" ind2=" " tag="041"><subfield code="a">eng</subfield><subfield code="a">ita</subfield></datafield><datafield ind1=" " ind2="7" tag="072"><subfield code="a">st</subfield><subfield code="2">rero</subfield></datafield><datafield ind1=" " ind2="7" tag="072"><subfield code="a">ge</subfield><subfield code="2">SzZuIDS BS/BE</subfield></datafield><datafield ind1="0" ind2="0" tag="245"><subfield code="a">High pressure-low temperature metamorphism of the oceanic and continental crust in the Western Alps</subfield><subfield code="c">[papers presented by the] Consiglio Nazionale Ricerche, Centro di Studio sui Problemi dell'Orogeno delle Alpi Occidentali, Torino [on the] Italy-U.S.A. Cooperative Project on High Pressure-Low Temperature Metamorphism in the Western Alps [and by the] CNR Gruppo di Lavoro sulle Ofioliti Mediterranee ... at the special session of the Società Italiana di Mineralogia e Petrologia, held in Genova (Italia) 23-29 September 1976</subfield></datafield><datafield ind1=" " ind2="1" tag="264"><subfield code="a">Germignana</subfield><subfield code="b">Verbano</subfield><subfield code="c">1977</subfield></datafield><datafield ind1=" " ind2=" " tag="300"><subfield code="a">VIII, 333 p.</subfield><subfield code="b">ill.</subfield><subfield code="c">24 cm</subfield></datafield><datafield ind1=" " ind2=" " tag="336"><subfield code="b">txt</subfield><subfield code="2">rdacontent</subfield></datafield><datafield ind1=" " ind2=" " tag="337"><subfield code="b">n</subfield><subfield code="2">rdamedia</subfield></datafield><datafield ind1=" " ind2=" " tag="338"><subfield code="b">nc</subfield><subfield code="2">rdacarrier</subfield></datafield><datafield ind1=" " ind2=" " tag="500"><subfield code="a">Réimpression des communications initialement publiées par la la Società Italiana di Mineralogia et Petrologia, dans le vol. 33 de : Rendiconti della Società Italiana di Mineraogia e Petrologia</subfield></datafield><datafield ind1=" " ind2="7" tag="650"><subfield code="a">Croûte océanique</subfield><subfield code="0">(IDREF)032180721</subfield><subfield code="2">idref</subfield></datafield><datafield ind1=" " ind2="7" tag="650"><subfield code="a">Croûte continentale</subfield><subfield code="0">(IDREF)032180713</subfield><subfield code="2">idref</subfield></datafield><datafield ind1=" " ind2="7" tag="650"><subfield code="a">Métamorphisme (géologie)</subfield><subfield code="0">(IDREF)02735735X</subfield><subfield code="2">idref</subfield></datafield><datafield ind1=" " ind2="4" tag="650"><subfield code="a">Metamorphes Gestein</subfield></datafield><datafield ind1=" " ind2="7" tag="651"><subfield code="a">Alpes (ouest)</subfield><subfield code="0">(IDREF)02847158X</subfield><subfield code="2">idref</subfield></datafield><datafield ind1=" " ind2="4" tag="651"><subfield code="a">Westalpen</subfield></datafield><datafield ind1=" " ind2="7" tag="655"><subfield code="a">Konferenzschrift</subfield><subfield code="z">Genua</subfield><subfield code="y">1976</subfield><subfield code="2">gnd-content</subfield></datafield><datafield ind1="2" ind2=" " tag="710"><subfield code="a">Centro di Studio sui Problemi dell'Orogeno delle Alpi Occidentali</subfield><subfield code="g">Turin</subfield><subfield code="0">(DE-588)6007747-5</subfield></datafield><datafield ind1="2" ind2=" " tag="710"><subfield code="a">Gruppo di Lavoro sulle Ofioliti Mediterranee</subfield><subfield code="0">(DE-588)1302818-2</subfield></datafield><datafield ind1="2" ind2=" " tag="710"><subfield code="a">Centro di studio sui problemi dell'Orogeno delle Alpi Occidentali</subfield><subfield code="g">Turin, Italie</subfield><subfield code="0">(IDREF)09521075X</subfield></datafield><datafield ind1="2" ind2=" " tag="710"><subfield code="a">Gruppo di Lavoro sulle Ofioliti Mediterranee</subfield><subfield code="0">(IDREF)224043625</subfield></datafield><datafield ind1="2" ind2=" " tag="710"><subfield code="a">Società Italiana di Mineralogia e Petrologia</subfield><subfield code="b">Special session</subfield><subfield code="d">1976</subfield><subfield code="c">Genova</subfield><subfield code="0">(RERO)A012479449</subfield><subfield code="6">880-04</subfield></datafield><datafield ind1="2" ind2=" " tag="880"><subfield code="a">Società Italiana di Mineralogia e Petrologia</subfield><subfield code="b">Special session</subfield><subfield code="0">(DE-588)1085826821</subfield><subfield code="6">710-04</subfield></datafield><datafield ind1=" " ind2=" " tag="900"><subfield code="a">REROnoselfmerge</subfield></datafield></record>
</metadata></record>