<record><header><identifier>oai:alma.41SLSP_UGE:991000038969705502</identifier><datestamp>2023-04-02T02:21:24Z</datestamp><setSpec>uge_bcen_RapidILL_BOOK</setSpec><setSpec>uge_aaca_RapidILL_BOOK</setSpec><setSpec>uge_abels_RapidILL_BOOK</setSpec><setSpec>uge_dbu_RapidILL_BOOK</setSpec><setSpec>uge_cmu_RapidILL_BOOK</setSpec><setSpec>uge_mail_RapidILL_BOOK</setSpec><setSpec>uge_abbat_RapidILL_BOOK</setSpec><setSpec>UNIGE_ALL</setSpec><setSpec>uge_acar_RapidILL_BOOK</setSpec><setSpec>uge_aobs_RapidILL_BOOK</setSpec></header><metadata>
<record xmlns="http://www.loc.gov/MARC21/slim" xmlns:xsi="http://www.w3.org/2001/XMLSchema-instance" xsi:schemaLocation="http://www.loc.gov/MARC21/slim http://www.loc.gov/standards/marcxml/schema/MARC21slim.xsd"><leader>01892nam a22004217c 4500</leader><controlfield tag="001">991000038969705502</controlfield><controlfield tag="005">20230402015926.0</controlfield><controlfield tag="008">000725s1997    xxc||||| |||| 00| ||fre d</controlfield><datafield ind1=" " ind2=" " tag="020"><subfield code="a">2894611374</subfield></datafield><datafield ind1=" " ind2=" " tag="035"><subfield code="a">(swissbib)094201390-41slsp_network</subfield></datafield><datafield ind1=" " ind2=" " tag="035"><subfield code="a">094201390</subfield><subfield code="9">ExL</subfield></datafield><datafield ind1=" " ind2=" " tag="035"><subfield code="a">(RERO)R244908060-41slsp</subfield></datafield><datafield ind1=" " ind2=" " tag="035"><subfield code="a">(EXLNZ-41SLSP_NETWORK)991029365419705501</subfield></datafield><datafield ind1=" " ind2=" " tag="040"><subfield code="a">RERO frbcuc</subfield><subfield code="d">CH-ZuSLS</subfield></datafield><datafield ind1=" " ind2="7" tag="072"><subfield code="a">pe</subfield><subfield code="2">rero</subfield></datafield><datafield ind1="1" ind2=" " tag="080"><subfield code="a">371.064</subfield></datafield><datafield ind1="1" ind2=" " tag="100"><subfield code="a">Howden, Jim</subfield><subfield code="d">19..-</subfield><subfield code="0">(IDREF)114487642</subfield><subfield code="4">cre</subfield></datafield><datafield ind1="1" ind2="0" tag="245"><subfield code="a">&lt;&lt;La&gt;&gt; coopération au fil des jours</subfield><subfield code="b">des outils pour apprendre à coopérer</subfield><subfield code="c">Jim Howden, Huguette Martin ; en collab. avec Diane Arcan... [et al.]</subfield></datafield><datafield ind1=" " ind2="1" tag="264"><subfield code="a">Montréal [etc.]</subfield><subfield code="b">Chenelière/McGraw-Hill</subfield><subfield code="c">1997</subfield></datafield><datafield ind1=" " ind2=" " tag="300"><subfield code="a">264 p.</subfield><subfield code="c">ill. ; 28 cm</subfield></datafield><datafield ind1=" " ind2=" " tag="336"><subfield code="b">txt</subfield><subfield code="2">rdacontent</subfield></datafield><datafield ind1=" " ind2=" " tag="337"><subfield code="b">n</subfield><subfield code="2">rdamedia</subfield></datafield><datafield ind1=" " ind2=" " tag="338"><subfield code="b">nc</subfield><subfield code="2">rdacarrier</subfield></datafield><datafield ind1="1" ind2=" " tag="490"><subfield code="a">Chenelière/Didactique. Education à la coopération</subfield></datafield><datafield ind1=" " ind2=" " tag="500"><subfield code="a">Matériel reproductible inclus</subfield></datafield><datafield ind1=" " ind2=" " tag="504"><subfield code="a">Bibliogr. : p. 263-264</subfield></datafield><datafield ind1="8" ind2=" " tag="520"><subfield code="a">Ce guide pratique contient une centaine de structures, de stratégies et d'activités pour vous aider à créer dans votre classe un milieu de vie et de travail coopératif. (Site de l'éditeur)</subfield><subfield code="5">RERO/njhep-/09.2019/3821</subfield></datafield><datafield ind1=" " ind2="7" tag="650"><subfield code="a">Coopération</subfield><subfield code="0">(IDREF)027790053</subfield><subfield code="2">idref</subfield></datafield><datafield ind1=" " ind2="7" tag="650"><subfield code="a">Enseignement primaire</subfield><subfield code="0">(IDREF)027288757</subfield><subfield code="2">idref</subfield></datafield><datafield ind1=" " ind2="7" tag="650"><subfield code="a">Enseignement secondaire</subfield><subfield code="0">(IDREF)027795551</subfield><subfield code="2">idref</subfield></datafield><datafield ind1=" " ind2="7" tag="650"><subfield code="a">Apprentissage</subfield><subfield code="0">(IDREF)130683035</subfield><subfield code="2">idref</subfield></datafield><datafield ind1=" " ind2="7" tag="650"><subfield code="a">Groupes de travail</subfield><subfield code="0">(IDREF)027607399</subfield><subfield code="2">idref</subfield></datafield><datafield ind1=" " ind2="7" tag="650"><subfield code="a">Enseignement</subfield><subfield code="x">Travail de groupe</subfield><subfield code="0">(IDREF)02725447X</subfield><subfield code="2">idref</subfield></datafield><datafield ind1=" " ind2="7" tag="655"><subfield code="a">Manuels d'enseignement</subfield><subfield code="0">(IDREF)027446514</subfield><subfield code="2">idref</subfield></datafield><datafield ind1=" " ind2="7" tag="655"><subfield code="a">Guides pratiques</subfield><subfield code="0">(IDREF)027790045</subfield><subfield code="2">idref</subfield></datafield><datafield ind1="1" ind2=" " tag="700"><subfield code="a">Martin, Huguette</subfield><subfield code="c">enseignante</subfield><subfield code="d">19..-....</subfield><subfield code="0">(IDREF)185883052</subfield></datafield><datafield ind1="1" ind2=" " tag="700"><subfield code="a">Arcand, Diane</subfield><subfield code="0">(IDREF)225744864</subfield></datafield><datafield ind1=" " ind2="0" tag="830"><subfield code="a">Chenelière/Didactique</subfield><subfield code="w">(RERO)R003244922-41slsp</subfield></datafield><datafield ind1=" " ind2=" " tag="900"><subfield code="a">REROnoselfmerge</subfield></datafield></record>
</metadata></record>