<record><header><identifier>oai:alma.41SLSP_UGE:991000038869705502</identifier><datestamp>2023-03-01T01:08:49Z</datestamp><setSpec>uge_bcen_RapidILL_BOOK</setSpec><setSpec>uge_aaca_RapidILL_BOOK</setSpec><setSpec>uge_abels_RapidILL_BOOK</setSpec><setSpec>uge_dbu_RapidILL_BOOK</setSpec><setSpec>uge_cmu_RapidILL_BOOK</setSpec><setSpec>uge_mail_RapidILL_BOOK</setSpec><setSpec>UNIGE_ALL</setSpec><setSpec>uge_abbat_RapidILL_BOOK</setSpec><setSpec>uge_aobs_RapidILL_BOOK</setSpec><setSpec>uge_acar_RapidILL_BOOK</setSpec></header><metadata>
<record xmlns="http://www.loc.gov/MARC21/slim" xmlns:xsi="http://www.w3.org/2001/XMLSchema-instance" xsi:schemaLocation="http://www.loc.gov/MARC21/slim http://www.loc.gov/standards/marcxml/schema/MARC21slim.xsd"><leader>01053nam a2200325uc 4500</leader><controlfield tag="001">991000038869705502</controlfield><controlfield tag="005">20211114181249.0</controlfield><controlfield tag="008">201012t19791979xx            00| | eng d</controlfield><datafield ind1=" " ind2=" " tag="020"><subfield code="a">0912646578</subfield></datafield><datafield ind1=" " ind2=" " tag="035"><subfield code="a">(swissbib)239120175-41slsp_network</subfield></datafield><datafield ind1=" " ind2=" " tag="035"><subfield code="a">239120175</subfield><subfield code="9">ExL</subfield></datafield><datafield ind1=" " ind2=" " tag="035"><subfield code="a">(IDSLU)000066113ILU01</subfield></datafield><datafield ind1=" " ind2=" " tag="035"><subfield code="a">(RERO)0919138-41slsp</subfield></datafield><datafield ind1=" " ind2=" " tag="035"><subfield code="a">(EXLNZ-41SLSP_NETWORK)991123698009705501</subfield></datafield><datafield ind1=" " ind2=" " tag="040"><subfield code="a">SzZuIDS LU LUZHB</subfield><subfield code="e">kids</subfield><subfield code="d">CH-ZuSLS</subfield></datafield><datafield ind1=" " ind2="7" tag="072"><subfield code="a">593</subfield><subfield code="2">IDS LU</subfield></datafield><datafield ind1=" " ind2="7" tag="072"><subfield code="a">an</subfield><subfield code="2">rero</subfield></datafield><datafield ind1="1" ind2=" " tag="080"><subfield code="a">820&quot;17/19&quot;TRO3</subfield></datafield><datafield ind1="1" ind2=" " tag="100"><subfield code="a">Trollope, Anthony</subfield><subfield code="d">1815-1882</subfield><subfield code="0">(DE-588)118624091</subfield><subfield code="6">880-01</subfield></datafield><datafield ind1="1" ind2=" " tag="880"><subfield code="6">100-01</subfield><subfield code="a">Trollope, Anthony</subfield><subfield code="d">1815-1882</subfield><subfield code="0">(IDREF)028453158</subfield><subfield code="4">cre</subfield></datafield><datafield ind1="1" ind2="0" tag="245"><subfield code="a">Editors and writers</subfield></datafield><datafield ind1=" " ind2="1" tag="264"><subfield code="c">[1979]</subfield></datafield><datafield ind1=" " ind2="4" tag="264"><subfield code="c">© 1979</subfield></datafield><datafield ind1=" " ind2=" " tag="300"><subfield code="a">XIV, 237 p.</subfield><subfield code="c">24 cm</subfield></datafield><datafield ind1=" " ind2=" " tag="336"><subfield code="b">txt</subfield><subfield code="2">rdacontent</subfield></datafield><datafield ind1=" " ind2=" " tag="337"><subfield code="b">n</subfield><subfield code="2">rdamedia</subfield></datafield><datafield ind1=" " ind2=" " tag="338"><subfield code="b">nc</subfield><subfield code="2">rdacarrier</subfield></datafield><datafield ind1="1" ind2=" " tag="490"><subfield code="a">The complete short stories</subfield><subfield code="v">2</subfield></datafield><datafield ind1="1" ind2=" " tag="800"><subfield code="a">Trollope, Anthony</subfield><subfield code="t">&lt;&lt;The&gt;&gt; complete short stories</subfield><subfield code="v">2</subfield></datafield><datafield ind1="1" ind2=" " tag="800"><subfield code="a">Trollope, Anthony</subfield><subfield code="d">1815-1882</subfield><subfield code="t">&lt;&lt;The&gt;&gt; complete short stories</subfield><subfield code="v">2</subfield><subfield code="w">(IDSLU)000066112ILU01</subfield></datafield><datafield ind1=" " ind2=" " tag="900"><subfield code="a">REROnoselfmerge</subfield></datafield></record>
</metadata></record>