<record><header><identifier>oai:alma.41SLSP_UGE:991000038349705502</identifier><datestamp>2023-03-01T01:08:49Z</datestamp><setSpec>uge_bcen_RapidILL_BOOK</setSpec><setSpec>uge_aaca_RapidILL_BOOK</setSpec><setSpec>uge_abels_RapidILL_BOOK</setSpec><setSpec>uge_dbu_RapidILL_BOOK</setSpec><setSpec>uge_cmu_RapidILL_BOOK</setSpec><setSpec>uge_mail_RapidILL_BOOK</setSpec><setSpec>UNIGE_ALL</setSpec><setSpec>uge_abbat_RapidILL_BOOK</setSpec><setSpec>uge_aobs_RapidILL_BOOK</setSpec><setSpec>uge_acar_RapidILL_BOOK</setSpec></header><metadata>
<record xmlns="http://www.loc.gov/MARC21/slim" xmlns:xsi="http://www.w3.org/2001/XMLSchema-instance" xsi:schemaLocation="http://www.loc.gov/MARC21/slim http://www.loc.gov/standards/marcxml/schema/MARC21slim.xsd"><leader>01206naa a2200241 c 4500</leader><controlfield tag="001">991000038349705502</controlfield><controlfield tag="005">20201225185757.0</controlfield><controlfield tag="008">931019s1992    xxu||||| |||| 00| ||eng d</controlfield><datafield ind1=" " ind2=" " tag="035"><subfield code="a">(swissbib)088069257-41slsp_network</subfield></datafield><datafield ind1=" " ind2=" " tag="035"><subfield code="a">088069257</subfield><subfield code="9">ExL</subfield></datafield><datafield ind1=" " ind2=" " tag="035"><subfield code="a">(RERO)1755455-41slsp</subfield></datafield><datafield ind1=" " ind2=" " tag="035"><subfield code="a">(EXLNZ-41SLSP_NETWORK)991087400499705501</subfield></datafield><datafield ind1=" " ind2=" " tag="040"><subfield code="a">RERO geucmu</subfield><subfield code="d">CH-ZuSLS</subfield></datafield><datafield ind1=" " ind2="7" tag="072"><subfield code="a">me</subfield><subfield code="2">rero</subfield></datafield><datafield ind1="0" ind2="0" tag="245"><subfield code="a">HIV in pregnancy</subfield><subfield code="b">the Swiss collaborative study</subfield><subfield code="c">O. Irion... [et al.]</subfield></datafield><datafield ind1=" " ind2=" " tag="336"><subfield code="b">txt</subfield><subfield code="2">rdacontent</subfield></datafield><datafield ind1=" " ind2=" " tag="337"><subfield code="b">n</subfield><subfield code="2">rdamedia</subfield></datafield><datafield ind1=" " ind2=" " tag="338"><subfield code="b">nc</subfield><subfield code="2">rdacarrier</subfield></datafield><datafield ind1=" " ind2=" " tag="508"><subfield code="a">Autre(s) auteur(s): Ch. Rudin, K. Biedermann, F. Béguin and the members of the collaborative group, Depts Ob/Gyn University Hospitals Geneva and Zurich, Children Hospital University Basel</subfield></datafield><datafield ind1=" " ind2=" " tag="580"><subfield code="a">In: American journal of obstetrics. - St Louis. - Vol. 166(1992), p. 392</subfield></datafield><datafield ind1="1" ind2=" " tag="700"><subfield code="a">Irion, Olivier</subfield><subfield code="d">19..-...</subfield><subfield code="0">(IDREF)235317802</subfield></datafield><datafield ind1="1" ind2=" " tag="700"><subfield code="a">Beguin, François</subfield><subfield code="c">médecin</subfield><subfield code="d">19..-....</subfield><subfield code="0">(IDREF)069861404</subfield></datafield><datafield ind1="0" ind2=" " tag="773"><subfield code="t">American journal of obstetrics and gynecology : an official publication of the American Gynecological Society, the American Association of Obstetricians, Gynecologists and Abdominal Surgeons... [et al.]</subfield><subfield code="g">166/392</subfield><subfield code="w">(RERO)0444666-41slsp</subfield></datafield><datafield ind1=" " ind2=" " tag="900"><subfield code="a">REROnoselfmerge</subfield></datafield></record>
</metadata></record>