<record><header><identifier>oai:alma.41SLSP_UGE:991000038339705502</identifier><datestamp>2023-03-01T01:08:49Z</datestamp><setSpec>uge_bcen_RapidILL_BOOK</setSpec><setSpec>uge_aaca_RapidILL_BOOK</setSpec><setSpec>uge_abels_RapidILL_BOOK</setSpec><setSpec>uge_dbu_RapidILL_BOOK</setSpec><setSpec>uge_cmu_RapidILL_BOOK</setSpec><setSpec>uge_mail_RapidILL_BOOK</setSpec><setSpec>UNIGE_ALL</setSpec><setSpec>uge_abbat_RapidILL_BOOK</setSpec><setSpec>uge_aobs_RapidILL_BOOK</setSpec><setSpec>uge_acar_RapidILL_BOOK</setSpec></header><metadata>
<record xmlns="http://www.loc.gov/MARC21/slim" xmlns:xsi="http://www.w3.org/2001/XMLSchema-instance" xsi:schemaLocation="http://www.loc.gov/MARC21/slim http://www.loc.gov/standards/marcxml/schema/MARC21slim.xsd"><leader>02186nam a22005652c 4500</leader><controlfield tag="001">991000038339705502</controlfield><controlfield tag="005">20201231120820.0</controlfield><controlfield tag="008">201012s1985    gw       l    00| | ger|d</controlfield><datafield ind1=" " ind2=" " tag="010"><subfield code="a">82198996</subfield></datafield><datafield ind1=" " ind2=" " tag="020"><subfield code="a">9783870610463</subfield></datafield><datafield ind1=" " ind2=" " tag="020"><subfield code="a">3870610468</subfield></datafield><datafield ind1=" " ind2=" " tag="035"><subfield code="a">(swissbib)234864346-41slsp_network</subfield></datafield><datafield ind1=" " ind2=" " tag="035"><subfield code="a">234864346</subfield><subfield code="9">ExL</subfield></datafield><datafield ind1=" " ind2=" " tag="035"><subfield code="a">(NEBIS)003247443EBI01</subfield></datafield><datafield ind1=" " ind2=" " tag="035"><subfield code="a">(RERO)0649804-41slsp</subfield></datafield><datafield ind1=" " ind2=" " tag="035"><subfield code="a">(OCoLC)235927881</subfield><subfield code="z">(OCoLC)83928892</subfield></datafield><datafield ind1=" " ind2=" " tag="035"><subfield code="a">(EXLNZ-41SLSP_NETWORK)991119411259705501</subfield></datafield><datafield ind1=" " ind2=" " tag="040"><subfield code="a">MH-L</subfield><subfield code="d">CH-ZuSLS</subfield></datafield><datafield ind1=" " ind2="7" tag="072"><subfield code="a">dr</subfield><subfield code="2">rero</subfield></datafield><datafield ind1="0" ind2="4" tag="082"><subfield code="a">343.431/08 344.31038 19</subfield><subfield code="2">22ger</subfield></datafield><datafield ind1="0" ind2="4" tag="082"><subfield code="a">343.431/08</subfield><subfield code="2">19</subfield></datafield><datafield ind1="0" ind2="4" tag="082"><subfield code="a">344.31038</subfield></datafield><datafield ind1=" " ind2=" " tag="084"><subfield code="a">CA/DDR 44 b</subfield><subfield code="2">cjurrom</subfield></datafield><datafield ind1=" " ind2=" " tag="084"><subfield code="a">CA/DDR 45 b</subfield><subfield code="2">cjurrom</subfield></datafield><datafield ind1="1" ind2=" " tag="100"><subfield code="a">Seiffert, Wolfgang</subfield></datafield><datafield ind1="1" ind2="0" tag="245"><subfield code="a">Wirtschaftsrecht der DDR</subfield><subfield code="b">Ergänzungsband</subfield><subfield code="c">Wolfgang Seiffert</subfield></datafield><datafield ind1="1" ind2="3" tag="246"><subfield code="a">Neuregelungen bis März 1985</subfield></datafield><datafield ind1=" " ind2="1" tag="264"><subfield code="a">Berlin</subfield><subfield code="b">Berlin Verlag</subfield><subfield code="c">1985</subfield></datafield><datafield ind1=" " ind2="4" tag="264"><subfield code="c">© 1985</subfield></datafield><datafield ind1=" " ind2=" " tag="300"><subfield code="a">450 p.</subfield><subfield code="c">21 cm</subfield></datafield><datafield ind1=" " ind2=" " tag="336"><subfield code="b">txt</subfield><subfield code="2">rdacontent</subfield></datafield><datafield ind1=" " ind2=" " tag="337"><subfield code="b">n</subfield><subfield code="2">rdamedia</subfield></datafield><datafield ind1=" " ind2=" " tag="338"><subfield code="b">nc</subfield><subfield code="2">rdacarrier</subfield></datafield><datafield ind1="0" ind2=" " tag="490"><subfield code="a">Quellen zur Rechtsvergleichung aus dem Osteuropa-Institut an der Freien Universität Berlin</subfield></datafield><datafield ind1="1" ind2=" " tag="490"><subfield code="a">Die Gesetzgebung der sozialistischen Staaten. Einzelausgabe</subfield><subfield code="v">18c</subfield></datafield><datafield ind1=" " ind2=" " tag="504"><subfield code="a">Bibliography: p. 449</subfield></datafield><datafield ind1=" " ind2=" " tag="504"><subfield code="a">Includes index.</subfield></datafield><datafield ind1=" " ind2="0" tag="650"><subfield code="a">Trade regulation</subfield><subfield code="z">Germany (East)</subfield></datafield><datafield ind1=" " ind2="7" tag="650"><subfield code="a">Wirtschaftsrecht</subfield><subfield code="0">(DE-588)4066510-0</subfield><subfield code="2">gnd</subfield></datafield><datafield ind1=" " ind2="0" tag="651"><subfield code="a">Germany (East)</subfield><subfield code="x">Economic policy</subfield></datafield><datafield ind1=" " ind2=" " tag="690"><subfield code="a">Aussenhandel / Einzelne Gebiete und Orte / Europa / Deutschland (DDR)</subfield><subfield code="2">uzb-Z9</subfield></datafield><datafield ind1=" " ind2=" " tag="690"><subfield code="a">Deutsche Demokratische Republik / Recht / Verwaltungsrecht</subfield><subfield code="2">uzb-Z9</subfield></datafield><datafield ind1=" " ind2=" " tag="690"><subfield code="a">Deutsche Demokratische Republik / Wirtschaft / 1975- ersch.</subfield><subfield code="2">uzb-Z9</subfield></datafield><datafield ind1=" " ind2=" " tag="690"><subfield code="a">Wirtschaftsrecht / Einzelne Gebiete und Orte / Europa</subfield><subfield code="2">uzb-Z9</subfield></datafield><datafield ind1="1" ind2="2" tag="710"><subfield code="a">Deutschland (DDR)</subfield><subfield code="t">Lois et arrêtés</subfield></datafield><datafield ind1=" " ind2=" " tag="751"><subfield code="a">Deutschland</subfield><subfield code="0">(DE-588)4011882-4</subfield></datafield><datafield ind1=" " ind2=" " tag="830"><subfield code="a">&lt;&lt;Die&gt;&gt; Gesetzgebung der sozialistischen Staaten</subfield><subfield code="p">Einzelausgabe</subfield><subfield code="v">18</subfield><subfield code="w">(RERO)0397125-41slsp</subfield></datafield><datafield ind1=" " ind2=" " tag="830"><subfield code="a">&lt;&lt;Die&gt;&gt; Gesetzgebung der sozialistischen Staaten</subfield><subfield code="v">18c</subfield><subfield code="w">(NEBIS)000688516EBI01</subfield></datafield><datafield ind1=" " ind2=" " tag="830"><subfield code="a">Wirtschaftsrecht der DDR</subfield><subfield code="v">[2]</subfield><subfield code="w">(RERO)0649799-41slsp</subfield></datafield><datafield ind1=" " ind2=" " tag="900"><subfield code="a">IDSZRMedeaZBZ</subfield></datafield><datafield ind1=" " ind2=" " tag="900"><subfield code="a">REROnoselfmerge</subfield></datafield></record>
</metadata></record>