<record><header><identifier>oai:alma.41SLSP_UGE:991000038259705502</identifier><datestamp>2023-03-01T01:08:49Z</datestamp><setSpec>uge_bcen_RapidILL_BOOK</setSpec><setSpec>uge_aaca_RapidILL_BOOK</setSpec><setSpec>uge_abels_RapidILL_BOOK</setSpec><setSpec>uge_dbu_RapidILL_BOOK</setSpec><setSpec>uge_cmu_RapidILL_BOOK</setSpec><setSpec>uge_mail_RapidILL_BOOK</setSpec><setSpec>UNIGE_ALL</setSpec><setSpec>uge_abbat_RapidILL_BOOK</setSpec><setSpec>uge_aobs_RapidILL_BOOK</setSpec><setSpec>uge_acar_RapidILL_BOOK</setSpec></header><metadata>
<record xmlns="http://www.loc.gov/MARC21/slim" xmlns:xsi="http://www.w3.org/2001/XMLSchema-instance" xsi:schemaLocation="http://www.loc.gov/MARC21/slim http://www.loc.gov/standards/marcxml/schema/MARC21slim.xsd"><leader>01965nam a2200313 c 4500</leader><controlfield tag="001">991000038259705502</controlfield><controlfield tag="005">20201227140915.0</controlfield><controlfield tag="008">000811s1999    sz ||||| m||| 00| ||eng d</controlfield><datafield ind1=" " ind2=" " tag="019"><subfield code="a">Catalogage: décrit l'ex. de thèse</subfield><subfield code="5">RERO/geussc/05.1999</subfield></datafield><datafield ind1=" " ind2=" " tag="035"><subfield code="a">(swissbib)094500975-41slsp_network</subfield></datafield><datafield ind1=" " ind2=" " tag="035"><subfield code="a">094500975</subfield><subfield code="9">ExL</subfield></datafield><datafield ind1=" " ind2=" " tag="035"><subfield code="a">(RERO)R251443760-41slsp</subfield></datafield><datafield ind1=" " ind2=" " tag="035"><subfield code="a">(EXLNZ-41SLSP_NETWORK)991129435529705501</subfield></datafield><datafield ind1=" " ind2=" " tag="040"><subfield code="a">RERO geussc</subfield><subfield code="d">CH-ZuSLS</subfield></datafield><datafield ind1=" " ind2=" " tag="044"><subfield code="a">sz</subfield><subfield code="c">ch-ge</subfield></datafield><datafield ind1=" " ind2="7" tag="072"><subfield code="a">bi</subfield><subfield code="2">rero</subfield></datafield><datafield ind1=" " ind2="7" tag="072"><subfield code="a">ch</subfield><subfield code="2">rero</subfield></datafield><datafield ind1="1" ind2=" " tag="100"><subfield code="a">Gu, Feng</subfield><subfield code="d">1968-....</subfield><subfield code="0">(IDREF)228386195</subfield><subfield code="4">cre</subfield></datafield><datafield ind1="1" ind2="0" tag="245"><subfield code="a">Early to late endosome transport</subfield><subfield code="b">biogenesis of transport intermediates</subfield><subfield code="c">Feng Gu</subfield></datafield><datafield ind1=" " ind2="1" tag="264"><subfield code="a">Genève</subfield><subfield code="b">[éditeur non identifié]</subfield><subfield code="c">1999</subfield></datafield><datafield ind1=" " ind2=" " tag="300"><subfield code="a">128 p.</subfield><subfield code="b">ill.</subfield><subfield code="c">30 cm</subfield></datafield><datafield ind1=" " ind2=" " tag="336"><subfield code="b">txt</subfield><subfield code="2">rdacontent</subfield></datafield><datafield ind1=" " ind2=" " tag="337"><subfield code="b">n</subfield><subfield code="2">rdamedia</subfield></datafield><datafield ind1=" " ind2=" " tag="338"><subfield code="b">nc</subfield><subfield code="2">rdacarrier</subfield></datafield><datafield ind1=" " ind2=" " tag="500"><subfield code="a">Texte en anglais avec résumé en français de 15 p.</subfield></datafield><datafield ind1=" " ind2=" " tag="500"><subfield code="a">Contient des articles publiés dans diverses revues</subfield></datafield><datafield ind1=" " ind2=" " tag="502"><subfield code="a">Th. biochim. Genève, 1999 ; Sc. 3078</subfield></datafield><datafield ind1=" " ind2=" " tag="508"><subfield code="a">Directeur de thèse: Professeur Jean Gruenberg</subfield></datafield><datafield ind1="8" ind2=" " tag="520"><subfield code="a">Le transport de matériel entre les endosomes précoces et les endosomes tardifs se fait grâce à des intermédiaires de transport vésiculaires (ECVs). Au cours de cette thèse, nous avons étudié le rôle des protéines du manteau COP-I dans la formation des ECVs. Cette étude a d'abord été réalisée avec une approche acellulaire, puis le rôle de COP-I a été confirmé dans une lignée de cellules mutantes. COP-I maintient la structure des endosomes précoces et joue un rôle dans le tri des protéines empruntant la voie de dégradation. Dans ce mécanisme, nous avons montré l'implication d'ARF1, une petite protéine liant le GTP, qui recrute COP-I à la membrane. Ce recrutement est régulé par l'acidification des endosomes, probablement attribuable à un senseur de pH trans-membranaire, élément clé de l'initiation de la voie de dégradation</subfield><subfield code="5">RERO/geudbu/07.1999</subfield></datafield><datafield ind1=" " ind2=" " tag="900"><subfield code="a">REROnoselfmerge</subfield></datafield></record>
</metadata></record>