<record><header><identifier>oai:alma.41SLSP_UGE:991000038569705502</identifier><datestamp>2024-10-02T00:33:39Z</datestamp><setSpec>UNIGE_ALL</setSpec></header><metadata>
<record xmlns="http://www.loc.gov/MARC21/slim" xmlns:xsi="http://www.w3.org/2001/XMLSchema-instance" xsi:schemaLocation="http://www.loc.gov/MARC21/slim http://www.loc.gov/standards/marcxml/schema/MARC21slim.xsd"><leader>02630njm a22005417c 4500</leader><controlfield tag="001">991000038569705502</controlfield><controlfield tag="005">20240522161709.0</controlfield><controlfield tag="007">sd#b||||||||||</controlfield><controlfield tag="008">201011t19781978xx ||n |            ger d</controlfield><datafield ind1="0" ind2="2" tag="028"><subfield code="a">EMI 1C 065-30 741 Q</subfield></datafield><datafield ind1=" " ind2=" " tag="035"><subfield code="a">(swissbib)215881087-41slsp_network</subfield></datafield><datafield ind1=" " ind2=" " tag="035"><subfield code="a">215881087</subfield><subfield code="9">ExL</subfield></datafield><datafield ind1=" " ind2=" " tag="035"><subfield code="a">(RERO)R006022912-41slsp</subfield></datafield><datafield ind1=" " ind2=" " tag="035"><subfield code="a">(IDSLU)001155355ILU01</subfield></datafield><datafield ind1=" " ind2=" " tag="035"><subfield code="a">(EXLNZ-41SLSP_NETWORK)991070924319705501</subfield></datafield><datafield ind1=" " ind2=" " tag="040"><subfield code="a">RERO geulmu</subfield><subfield code="d">CH-ZuSLS</subfield></datafield><datafield ind1=" " ind2="7" tag="072"><subfield code="a">mu</subfield><subfield code="2">rero</subfield></datafield><datafield ind1=" " ind2="7" tag="072"><subfield code="a">480</subfield><subfield code="2">IDS LU</subfield></datafield><datafield ind1="1" ind2=" " tag="100"><subfield code="a">Mendelssohn Bartholdy, Felix</subfield><subfield code="d">1809-1847</subfield><subfield code="6">880-01</subfield><subfield code="0">(DE-588)118580779</subfield></datafield><datafield ind1="1" ind2=" " tag="880"><subfield code="6">100-01</subfield><subfield code="a">Mendelssohn Bartholdy, Felix</subfield><subfield code="d">1809-1847</subfield><subfield code="0">(IDREF)027329453</subfield><subfield code="4">cmp</subfield></datafield><datafield ind1="1" ind2="0" tag="240"><subfield code="a">Aus der Fremde</subfield></datafield><datafield ind1="1" ind2="0" tag="245"><subfield code="a">&lt;&lt;Die&gt;&gt; Heimkehr aus der Fremde</subfield><subfield code="b">Oper in einem Akt : Gesamtaufnahme</subfield><subfield code="c">Félix Mendelssohn-Bartholdy ; Libretto von Karl Klingemann</subfield></datafield><datafield ind1=" " ind2="1" tag="264"><subfield code="a">[Lieu de publication non identifié]</subfield><subfield code="b">[éditeur non identifié]</subfield><subfield code="c">1978</subfield></datafield><datafield ind1=" " ind2="4" tag="264"><subfield code="c">℗ 1978</subfield></datafield><datafield ind1=" " ind2=" " tag="300"><subfield code="a">1 Schallplatte</subfield><subfield code="b">33 1/3 UpM</subfield></datafield><datafield ind1=" " ind2=" " tag="336"><subfield code="b">prm</subfield><subfield code="2">rdacontent</subfield></datafield><datafield ind1=" " ind2=" " tag="337"><subfield code="b">s</subfield><subfield code="2">rdamedia</subfield></datafield><datafield ind1=" " ind2=" " tag="338"><subfield code="b">sd</subfield><subfield code="2">rdacarrier</subfield></datafield><datafield ind1=" " ind2=" " tag="500"><subfield code="a">Formation: solistes vocaux, choeur, orchestre symphonique</subfield></datafield><datafield ind1=" " ind2=" " tag="500"><subfield code="a">Münchner Rundfunkorchester ; Heinz Wallberg (Dir.) ; Helen Donath (S) ; Hanna Schwarz (A) ; Peter Schreier (T) ; Dietrich Fischer-Dieskau (Bar) ; Benno Kusche (B) ; Chor des Bayerischen Rundfunks</subfield></datafield><datafield ind1="0" ind2=" " tag="505"><subfield code="a">[Opéras. Heimkehr aus der Fremde. Op. 89]</subfield></datafield><datafield ind1=" " ind2="7" tag="655"><subfield code="a">Schallplatte</subfield><subfield code="2">gnd-carrier</subfield></datafield><datafield ind1=" " ind2=" " tag="690"><subfield code="a">Bühnenmusik / Musik zu szenischen Werken (Oper, Operette, Musical, Ballett)</subfield><subfield code="2">rzs-LB</subfield></datafield><datafield ind1="1" ind2=" " tag="700"><subfield code="6">880-08</subfield><subfield code="a">Schwarz, Hanna</subfield><subfield code="d">1943-</subfield><subfield code="0">(DE-588)123899044</subfield></datafield><datafield ind1="1" ind2=" " tag="880"><subfield code="6">700-08/(B</subfield><subfield code="a">Schwarz, Hanna</subfield><subfield code="d">1943-....</subfield><subfield code="0">(IDREF)070199957</subfield></datafield><datafield ind1="1" ind2="2" tag="700"><subfield code="a">Mendelssohn Bartholdy, Felix</subfield><subfield code="d">1809-1847</subfield><subfield code="t">Aus der Fremde</subfield><subfield code="0">(DE-588)300101619</subfield></datafield><datafield ind1="1" ind2=" " tag="700"><subfield code="a">Fischer-Dieskau, Dietrich</subfield><subfield code="d">1925-2012</subfield><subfield code="0">(IDREF)03087937X</subfield></datafield><datafield ind1="1" ind2=" " tag="700"><subfield code="a">Schmidhuber, Josef</subfield><subfield code="d">19..-....</subfield><subfield code="0">(IDREF)081452993</subfield></datafield><datafield ind1="1" ind2=" " tag="700"><subfield code="a">Donath, Helen</subfield><subfield code="d">1940-</subfield><subfield code="6">880-04</subfield><subfield code="0">(DE-588)123053633</subfield></datafield><datafield ind1="1" ind2=" " tag="880"><subfield code="6">700-04</subfield><subfield code="a">Donath, Helen</subfield><subfield code="d">1940-....</subfield><subfield code="0">(IDREF)081260385</subfield></datafield><datafield ind1="1" ind2=" " tag="700"><subfield code="a">Klingemann, Karl</subfield><subfield code="c">librettiste</subfield><subfield code="d">1798-1862</subfield><subfield code="0">(IDREF)277084024</subfield></datafield><datafield ind1="1" ind2=" " tag="700"><subfield code="a">Schreier, Peter</subfield><subfield code="d">1935-2019</subfield><subfield code="6">880-06</subfield><subfield code="0">(DE-588)118610724</subfield></datafield><datafield ind1="1" ind2=" " tag="880"><subfield code="6">700-06</subfield><subfield code="a">Schreier, Peter</subfield><subfield code="d">1935-2019</subfield><subfield code="0">(IDREF)08171548X</subfield></datafield><datafield ind1="1" ind2=" " tag="700"><subfield code="a">Wallberg, Heinz</subfield><subfield code="d">1923-2004</subfield><subfield code="6">880-07</subfield><subfield code="0">(DE-588)119459698</subfield></datafield><datafield ind1="1" ind2=" " tag="880"><subfield code="6">700-07</subfield><subfield code="a">Wallberg, Heinz</subfield><subfield code="0">(RERO)A003955562</subfield></datafield><datafield ind1="2" ind2=" " tag="710"><subfield code="a">Münchner Rundfunkorchester</subfield><subfield code="0">(DE-588)1082229-X</subfield></datafield><datafield ind1="2" ind2=" " tag="710"><subfield code="a">Bayerischer Rundfunk</subfield><subfield code="b">Chor</subfield><subfield code="0">(IDREF)081260393</subfield></datafield><datafield ind1="2" ind2=" " tag="710"><subfield code="a">München Rundfunkorchester</subfield><subfield code="g">München</subfield><subfield code="0">(IDREF)113738307</subfield></datafield><datafield ind1=" " ind2=" " tag="900"><subfield code="a">REROnoselfmerge</subfield></datafield><datafield ind1=" " ind2=" " tag="960"><subfield code="2">matmu</subfield><subfield code="a">Allemagne ; XIXe ; Romantisme ; Opéras</subfield><subfield code="9">local</subfield></datafield></record>
</metadata></record>