<record><header><identifier>oai:alma.41SLSP_UGE:991000038769705502</identifier><datestamp>2023-03-01T01:08:49Z</datestamp><setSpec>uge_bcen_RapidILL_BOOK</setSpec><setSpec>uge_aaca_RapidILL_BOOK</setSpec><setSpec>uge_abels_RapidILL_BOOK</setSpec><setSpec>uge_dbu_RapidILL_BOOK</setSpec><setSpec>uge_cmu_RapidILL_BOOK</setSpec><setSpec>uge_mail_RapidILL_BOOK</setSpec><setSpec>UNIGE_ALL</setSpec><setSpec>uge_abbat_RapidILL_BOOK</setSpec><setSpec>uge_aobs_RapidILL_BOOK</setSpec><setSpec>uge_acar_RapidILL_BOOK</setSpec></header><metadata>
<record xmlns="http://www.loc.gov/MARC21/slim" xmlns:xsi="http://www.w3.org/2001/XMLSchema-instance" xsi:schemaLocation="http://www.loc.gov/MARC21/slim http://www.loc.gov/standards/marcxml/schema/MARC21slim.xsd"><leader>02655nam a2200277 c 4500</leader><controlfield tag="001">991000038769705502</controlfield><controlfield tag="005">20210206210129.0</controlfield><controlfield tag="008">110704m19631965ja ||||| |||| 00| ||jpn d</controlfield><datafield ind1=" " ind2=" " tag="035"><subfield code="a">(swissbib)113924984-41slsp_network</subfield></datafield><datafield ind1=" " ind2=" " tag="035"><subfield code="a">113924984</subfield><subfield code="9">ExL</subfield></datafield><datafield ind1=" " ind2=" " tag="035"><subfield code="a">(RERO)R006092855-41slsp</subfield></datafield><datafield ind1=" " ind2=" " tag="035"><subfield code="a">(EXLNZ-41SLSP_NETWORK)991090614899705501</subfield></datafield><datafield ind1=" " ind2=" " tag="040"><subfield code="a">RERO geullo</subfield><subfield code="d">CH-ZuSLS</subfield></datafield><datafield ind1=" " ind2="7" tag="072"><subfield code="a">or</subfield><subfield code="2">rero</subfield></datafield><datafield ind1="1" ind2=" " tag="100"><subfield code="6">880-01</subfield><subfield code="a">Yanaihara, Tadao</subfield><subfield code="d">1893-1961</subfield><subfield code="0">(IDREF)137762100</subfield><subfield code="4">cre</subfield></datafield><datafield ind1="0" ind2=" " tag="880"><subfield code="6">100-01/$1</subfield><subfield code="a">矢内原忠雄</subfield><subfield code="d">1893-1961</subfield></datafield><datafield ind1="1" ind2="0" tag="245"><subfield code="6">880-02</subfield><subfield code="a">Yanaihara Tadao zenshū</subfield></datafield><datafield ind1="1" ind2="0" tag="880"><subfield code="6">245-02/$1</subfield><subfield code="a">矢内原忠雄全集</subfield></datafield><datafield ind1=" " ind2="1" tag="264"><subfield code="6">880-03</subfield><subfield code="a">Tōkyō</subfield><subfield code="b">Iwanami Shoten</subfield><subfield code="c">1963-1965</subfield></datafield><datafield ind1=" " ind2="1" tag="880"><subfield code="6">264-03/$1</subfield><subfield code="a">東京</subfield><subfield code="b">岩波書店</subfield><subfield code="c">1963-1965</subfield></datafield><datafield ind1=" " ind2=" " tag="300"><subfield code="a">(29 vol.)</subfield></datafield><datafield ind1=" " ind2=" " tag="336"><subfield code="b">txt</subfield><subfield code="2">rdacontent</subfield></datafield><datafield ind1=" " ind2=" " tag="337"><subfield code="b">n</subfield><subfield code="2">rdamedia</subfield></datafield><datafield ind1=" " ind2=" " tag="338"><subfield code="b">nc</subfield><subfield code="2">rdacarrier</subfield></datafield><datafield ind1="0" ind2=" " tag="505"><subfield code="6">880-04</subfield><subfield code="a">Dai1kan - Dai5kan : Shokumin seisaku kenkyū 1-5. Dai6kan - Dai13kan : Seisho kōgi 1-8. Dai14kan - Dai16kan : Kitokusha no shinkō 1-3. Dai17kan : Tangen. Dai18kan - Dai20kan : Jiron 1-3. Dai21kan : Kyōiku, daigaku, gakusei. Dai22kan : Jinseiron, Augusuchinusu &quot;kokuhaku&quot; kōgi. Dai23kan : Manshū, Chōsen, Okinawa. Dai24kan : Yo no sonkei suru jinbutsu. Dai25kan : Kōyū, tsuioku. Dai26kan : Watashi no ayunde kita michi. Dai27kan : Shoki no bunshō. Dai28kan : Nikki. Dai29kan : Shokan, hoi, nenpu.</subfield></datafield><datafield ind1="0" ind2=" " tag="880"><subfield code="6">505-04/$1</subfield><subfield code="a">第1巻 - 第5巻 : 植民政策研究 I-V. 第6巻 - 第13巻 : 聖書講義 I-VIII. 第14巻 - 第13巻 : 基督者の信仰 I-III. 第17巻 : 短言. 第18巻 - 第20巻 : 時論 I-III. 第21巻 : 教育・大学・学生. 第22巻 : 人生論・アウグスチヌス『告白』講義. 第23巻 : 満洲・朝鮮・沖縄. 第24巻 : 余の尊敬する人物. 第25巻 : 交友・追憶. 第26巻 : 私の歩んできた道. 第27巻 : 初期の文章. 第28巻 : 日記. 第29巻 : 書簡・補遺・年譜.</subfield></datafield><datafield ind1=" " ind2=" " tag="900"><subfield code="a">REROnoselfmerge</subfield></datafield></record>
</metadata></record>