<record><header><identifier>oai:alma.41SLSP_UGE:991000038249705502</identifier><datestamp>2023-03-01T01:08:49Z</datestamp><setSpec>uge_cmu_RapidILL_JOURNAL</setSpec><setSpec>uge_aobs_RapidILL_JOURNAL</setSpec><setSpec>uge_aaca_RapidILL_JOURNAL</setSpec><setSpec>uge_bcen_RapidILL_JOURNAL</setSpec><setSpec>uge_abbat_RapidILL_JOURNAL</setSpec><setSpec>uge_mail_RapidILL_JOURNAL</setSpec><setSpec>uge_dbu_RapidILL_JOURNAL</setSpec><setSpec>UNIGE_ALL</setSpec><setSpec>uge_abels_RapidILL_JOURNAL</setSpec><setSpec>uge_acar_RapidILL_JOURNAL</setSpec></header><metadata>
<record xmlns="http://www.loc.gov/MARC21/slim" xmlns:xsi="http://www.w3.org/2001/XMLSchema-instance" xsi:schemaLocation="http://www.loc.gov/MARC21/slim http://www.loc.gov/standards/marcxml/schema/MARC21slim.xsd"><leader>02739nas a2200373 c 4500</leader><controlfield tag="001">991000038249705502</controlfield><controlfield tag="005">20210207172747.0</controlfield><controlfield tag="008">870626d19761997sz || p|  ||| 0    0fre d</controlfield><datafield ind1=" " ind2=" " tag="022"><subfield code="a">0082-0504</subfield></datafield><datafield ind1=" " ind2=" " tag="035"><subfield code="a">(swissbib)081869746-41slsp_network</subfield></datafield><datafield ind1=" " ind2=" " tag="035"><subfield code="a">081869746</subfield><subfield code="9">ExL</subfield></datafield><datafield ind1=" " ind2=" " tag="035"><subfield code="a">(RERO)0857762-41slsp</subfield></datafield><datafield ind1=" " ind2=" " tag="035"><subfield code="a">(EXLNZ-41SLSP_NETWORK)991032805929705501</subfield></datafield><datafield ind1=" " ind2=" " tag="040"><subfield code="a">RERO geucmu</subfield><subfield code="d">CH-ZuSLS</subfield></datafield><datafield ind1="0" ind2=" " tag="041"><subfield code="a">fre</subfield><subfield code="a">ger</subfield><subfield code="a">ita</subfield></datafield><datafield ind1=" " ind2="7" tag="072"><subfield code="a">me</subfield><subfield code="2">rero</subfield></datafield><datafield ind1="0" ind2="0" tag="245"><subfield code="a">Spezialitäten-Liste (SL) der zur Rezeptur für die Krankenkassen empfohlenen pharmazeutischen Spezialitäten und konfektionierten Arzneimittel</subfield><subfield code="b">= Liste des spécialités (LS) comprenant les préparations pharmaceutiques et les médicaments confectionnés recommandés pour la prescription aux frais des caisses-maladies = Elenco delle specialità (ES) farmaceutiche e dei medicamenti confezionati, raccomandati per la prescrizione a carico delle casse ammalati</subfield><subfield code="c">hrsg. vom Bundesamt für Sozialversicherung (BSV)</subfield></datafield><datafield ind1="1" ind2=" " tag="246"><subfield code="a">Liste des spécialités (LS)</subfield></datafield><datafield ind1="1" ind2=" " tag="246"><subfield code="a">Elenco delle specialità (ES)</subfield></datafield><datafield ind1=" " ind2="1" tag="264"><subfield code="a">Bern</subfield><subfield code="b">Eidgenössische Drucksachen- und Materialzentrale</subfield><subfield code="c">1976-1997</subfield></datafield><datafield ind1=" " ind2=" " tag="300"><subfield code="c">21 cm</subfield></datafield><datafield ind1=" " ind2=" " tag="336"><subfield code="b">txt</subfield><subfield code="2">rdacontent</subfield></datafield><datafield ind1=" " ind2=" " tag="337"><subfield code="b">n</subfield><subfield code="2">rdamedia</subfield></datafield><datafield ind1=" " ind2=" " tag="338"><subfield code="b">nc</subfield><subfield code="2">rdacarrier</subfield></datafield><datafield ind1="0" ind2=" " tag="362"><subfield code="a">(1976)- mars (1997)</subfield></datafield><datafield ind1=" " ind2=" " tag="500"><subfield code="a">A pour annexe : Generikaliste = Liste des génériques = Elenco dei generici</subfield></datafield><datafield ind1=" " ind2=" " tag="500"><subfield code="a">Connu sous les sigles respectivement en allemand, français et italien : LS, SL, ES</subfield></datafield><datafield ind1=" " ind2=" " tag="580"><subfield code="a">Devient : Spezialitäten-Liste (SL) : Liste der pharmazeutischen Spezialitäten und konfektionierten Arzneimittel die Pflichtleistungen für die Krankenversicherer sind und Generikaliste (GL) = Liste des spécialités (LS) : Liste des préparations pharmaceutiques et des médicaments confectionnés constituant des prestations obligatoires pour les assureurs-maladie et liste des génériques (LG) ...</subfield></datafield><datafield ind1=" " ind2="2" tag="650"><subfield code="a">Catalogs, Drug</subfield></datafield><datafield ind1=" " ind2="2" tag="650"><subfield code="a">Reference Books, Medical</subfield></datafield><datafield ind1=" " ind2="2" tag="651"><subfield code="a">Switzerland</subfield></datafield><datafield ind1=" " ind2="2" tag="655"><subfield code="a">Periodical</subfield></datafield><datafield ind1="1" ind2=" " tag="710"><subfield code="a">Suisse</subfield><subfield code="b">Office fédéral des assurances sociales</subfield><subfield code="0">(IDREF)113210876</subfield></datafield><datafield ind1="0" ind2="0" tag="785"><subfield code="t">Spezialitäten-Liste (SL) : Liste der pharmazeutischen Spezialitäten und konfektionierten Arzneimittel die Pflichtleistungen für die Krankenversicherer sind und Generikaliste (GL) = Liste des spécialités (LS) : Liste des préparations pharmaceutiques et des médicaments confectionnés constituant des prestations obligatoires pour les assureurs-maladie et liste des génériques (LG) = Elenco delle specialità (ES) : Elenco delle specialità famaceutiche e dei medicamenti confezionati che costituiscono prestazioni obbligatorie per gli assicuratori-malattie e elence di generici (EG)</subfield><subfield code="w">(RERO)R223909060-41slsp</subfield></datafield><datafield ind1=" " ind2=" " tag="900"><subfield code="a">REROnoselfmerge</subfield></datafield></record>
</metadata></record>