<record><header><identifier>oai:alma.41SLSP_UGE:991000038149705502</identifier><datestamp>2023-03-01T01:08:49Z</datestamp><setSpec>uge_bcen_RapidILL_BOOK</setSpec><setSpec>uge_aaca_RapidILL_BOOK</setSpec><setSpec>uge_abels_RapidILL_BOOK</setSpec><setSpec>uge_dbu_RapidILL_BOOK</setSpec><setSpec>uge_cmu_RapidILL_BOOK</setSpec><setSpec>uge_mail_RapidILL_BOOK</setSpec><setSpec>UNIGE_ALL</setSpec><setSpec>uge_abbat_RapidILL_BOOK</setSpec><setSpec>uge_aobs_RapidILL_BOOK</setSpec><setSpec>uge_acar_RapidILL_BOOK</setSpec></header><metadata>
<record xmlns="http://www.loc.gov/MARC21/slim" xmlns:xsi="http://www.w3.org/2001/XMLSchema-instance" xsi:schemaLocation="http://www.loc.gov/MARC21/slim http://www.loc.gov/standards/marcxml/schema/MARC21slim.xsd"><leader>01026nam a2200337 c 4500</leader><controlfield tag="001">991000038149705502</controlfield><controlfield tag="005">20210206194447.0</controlfield><controlfield tag="008">201012s1975    xxu||||| |||| 00| ||eng d</controlfield><datafield ind1=" " ind2=" " tag="019"><subfield code="a">SPI Retro 899978</subfield></datafield><datafield ind1=" " ind2=" " tag="020"><subfield code="a">0471933767</subfield></datafield><datafield ind1=" " ind2=" " tag="035"><subfield code="a">(swissbib)239452402-41slsp_network</subfield></datafield><datafield ind1=" " ind2=" " tag="035"><subfield code="a">239452402</subfield><subfield code="9">ExL</subfield></datafield><datafield ind1=" " ind2=" " tag="035"><subfield code="a">(RERO)0815325-41slsp</subfield></datafield><datafield ind1=" " ind2=" " tag="035"><subfield code="a">(NEBIS)002309837EBI01</subfield></datafield><datafield ind1=" " ind2=" " tag="035"><subfield code="a">(EXLNZ-41SLSP_NETWORK)991142824959705501</subfield></datafield><datafield ind1=" " ind2=" " tag="040"><subfield code="a">RERO labdfm</subfield><subfield code="d">CH-ZuSLS</subfield></datafield><datafield ind1=" " ind2="7" tag="072"><subfield code="a">bt</subfield><subfield code="2">rero</subfield></datafield><datafield ind1=" " ind2="7" tag="072"><subfield code="a">in</subfield><subfield code="2">rero</subfield></datafield><datafield ind1="1" ind2=" " tag="100"><subfield code="a">Wessel, Andrew E.</subfield><subfield code="d">19..-....</subfield><subfield code="0">(IDREF)18782407X</subfield><subfield code="4">cre</subfield></datafield><datafield ind1="1" ind2="0" tag="245"><subfield code="a">Computer-aided information retrieval</subfield><subfield code="c">Andrew E. Wessel</subfield></datafield><datafield ind1=" " ind2="1" tag="264"><subfield code="a">Los Angeles Calif.</subfield><subfield code="b">Melville</subfield><subfield code="c">[1975]</subfield></datafield><datafield ind1=" " ind2="4" tag="264"><subfield code="c">© 1975</subfield></datafield><datafield ind1=" " ind2=" " tag="300"><subfield code="a">XVII, 176 p.</subfield><subfield code="b">ill.</subfield><subfield code="c">23 cm</subfield></datafield><datafield ind1=" " ind2=" " tag="336"><subfield code="b">txt</subfield><subfield code="2">rdacontent</subfield></datafield><datafield ind1=" " ind2=" " tag="337"><subfield code="b">n</subfield><subfield code="2">rdamedia</subfield></datafield><datafield ind1=" " ind2=" " tag="338"><subfield code="b">nc</subfield><subfield code="2">rdacarrier</subfield></datafield><datafield ind1="0" ind2=" " tag="490"><subfield code="a">Information sciences series</subfield></datafield><datafield ind1="0" ind2=" " tag="490"><subfield code="a">A Wiley-Becker &amp; Hayes series book</subfield></datafield><datafield ind1=" " ind2="2" tag="650"><subfield code="a">Information Systems</subfield></datafield><datafield ind1=" " ind2="2" tag="650"><subfield code="a">Abstracting and Indexing as Topic</subfield></datafield><datafield ind1=" " ind2=" " tag="900"><subfield code="a">REROnoselfmerge</subfield></datafield><datafield ind1=" " ind2=" " tag="900"><subfield code="a">IDSERSPIdummy</subfield></datafield></record>
</metadata></record>