<record><header><identifier>oai:alma.41SLSP_UGE:991000038459705502</identifier><datestamp>2024-10-31T01:13:38Z</datestamp><setSpec>uge_bcen_RapidILL_BOOK</setSpec><setSpec>uge_aaca_RapidILL_BOOK</setSpec><setSpec>uge_abels_RapidILL_BOOK</setSpec><setSpec>uge_dbu_RapidILL_BOOK</setSpec><setSpec>uge_cmu_RapidILL_BOOK</setSpec><setSpec>uge_mail_RapidILL_BOOK</setSpec><setSpec>uge_abbat_RapidILL_BOOK</setSpec><setSpec>UNIGE_ALL</setSpec><setSpec>uge_acar_RapidILL_BOOK</setSpec><setSpec>uge_aobs_RapidILL_BOOK</setSpec></header><metadata>
<record xmlns="http://www.loc.gov/MARC21/slim" xmlns:xsi="http://www.w3.org/2001/XMLSchema-instance" xsi:schemaLocation="http://www.loc.gov/MARC21/slim http://www.loc.gov/standards/marcxml/schema/MARC21slim.xsd"><leader>01662nam a2200481 c 4500</leader><controlfield tag="001">991000038459705502</controlfield><controlfield tag="005">20240513142838.0</controlfield><controlfield tag="008">201011s1988    it ||||| |||| 00| ||ita d</controlfield><datafield ind1=" " ind2=" " tag="020"><subfield code="a">8807100908</subfield></datafield><datafield ind1=" " ind2=" " tag="035"><subfield code="a">(swissbib)220508062-41slsp_network</subfield></datafield><datafield ind1=" " ind2=" " tag="035"><subfield code="a">220508062</subfield><subfield code="9">ExL</subfield></datafield><datafield ind1=" " ind2=" " tag="035"><subfield code="a">(RERO)1043379-41slsp</subfield></datafield><datafield ind1=" " ind2=" " tag="035"><subfield code="a">(IDSBB)000769874DSV01</subfield></datafield><datafield ind1=" " ind2=" " tag="035"><subfield code="a">(NEBIS)009212069EBI01</subfield></datafield><datafield ind1=" " ind2=" " tag="035"><subfield code="a">(EXLNZ-41SLSP_NETWORK)991120689269705501</subfield></datafield><datafield ind1=" " ind2=" " tag="040"><subfield code="a">RERO frbcuc</subfield><subfield code="d">CH-ZuSLS</subfield></datafield><datafield ind1="1" ind2=" " tag="041"><subfield code="a">ita</subfield><subfield code="h">ger</subfield></datafield><datafield ind1=" " ind2="7" tag="072"><subfield code="a">lg</subfield><subfield code="2">rero</subfield></datafield><datafield ind1=" " ind2="7" tag="072"><subfield code="a">as</subfield><subfield code="2">SzZuIDS BS/BE</subfield></datafield><datafield ind1="1" ind2=" " tag="100"><subfield code="a">Weinrich, Harald</subfield><subfield code="d">1927-2022</subfield><subfield code="6">880-01</subfield><subfield code="0">(DE-588)11863030X</subfield></datafield><datafield ind1="1" ind2=" " tag="880"><subfield code="6">100-01</subfield><subfield code="a">Weinrich, Harald</subfield><subfield code="0">(RERO)A003964868</subfield><subfield code="4">cre</subfield></datafield><datafield ind1="1" ind2="0" tag="245"><subfield code="a">Lingua e linguaggio nei testi</subfield><subfield code="c">Harald Weinrich ; [trad. dal tedesco di Elisabetta Bolla] ; pref. di Cesare Segre</subfield></datafield><datafield ind1=" " ind2="1" tag="264"><subfield code="a">Milano</subfield><subfield code="b">Feltrinelli</subfield><subfield code="c">1988</subfield></datafield><datafield ind1=" " ind2=" " tag="300"><subfield code="a">213 p.</subfield><subfield code="b">fig.</subfield><subfield code="c">22 cm</subfield></datafield><datafield ind1=" " ind2=" " tag="336"><subfield code="b">txt</subfield><subfield code="2">rdacontent</subfield></datafield><datafield ind1=" " ind2=" " tag="337"><subfield code="b">n</subfield><subfield code="2">rdamedia</subfield></datafield><datafield ind1=" " ind2=" " tag="338"><subfield code="b">nc</subfield><subfield code="2">rdacarrier</subfield></datafield><datafield ind1="0" ind2=" " tag="490"><subfield code="a">Campo del sapere</subfield></datafield><datafield ind1="1" ind2=" " tag="490"><subfield code="a">Campi del sapere</subfield></datafield><datafield ind1=" " ind2=" " tag="500"><subfield code="a">Originaltitel: Sprache in Texten</subfield></datafield><datafield ind1=" " ind2="7" tag="650"><subfield code="a">Analyse du discours</subfield><subfield code="0">(IDREF)18911052X</subfield><subfield code="2">idref</subfield></datafield><datafield ind1=" " ind2="7" tag="650"><subfield code="a">Langage</subfield><subfield code="0">(IDREF)028625714</subfield><subfield code="2">idref</subfield></datafield><datafield ind1=" " ind2="7" tag="650"><subfield code="a">Textlinguistik</subfield><subfield code="0">(DE-588)4124307-9</subfield><subfield code="2">gnd</subfield></datafield><datafield ind1=" " ind2="7" tag="650"><subfield code="a">Textanalyse</subfield><subfield code="0">(DE-588)4194196-2</subfield><subfield code="2">gnd</subfield></datafield><datafield ind1=" " ind2="7" tag="655"><subfield code="a">Aufsatzsammlung</subfield><subfield code="2">gnd-content</subfield></datafield><datafield ind1=" " ind2=" " tag="690"><subfield code="a">Linguistica testuale</subfield><subfield code="2">ubs-AT</subfield></datafield><datafield ind1=" " ind2=" " tag="690"><subfield code="a">Comunicazione</subfield><subfield code="2">ubs-AT</subfield></datafield><datafield ind1=" " ind2=" " tag="690"><subfield code="a">Negazione</subfield><subfield code="2">ubs-AT</subfield></datafield><datafield ind1=" " ind2=" " tag="690"><subfield code="a">Preposizione</subfield><subfield code="2">ubs-AT</subfield></datafield><datafield ind1=" " ind2=" " tag="690"><subfield code="a">Pragmatica</subfield><subfield code="2">ubs-AT</subfield></datafield><datafield ind1="1" ind2=" " tag="700"><subfield code="a">Segre, Cesare</subfield></datafield><datafield ind1="1" ind2=" " tag="700"><subfield code="a">Bolla, Elisabetta</subfield><subfield code="d">19..-....</subfield><subfield code="0">(IDREF)057196176</subfield></datafield><datafield ind1=" " ind2=" " tag="830"><subfield code="a">Campi del sapere</subfield><subfield code="w">(RERO)0506931-41slsp</subfield></datafield><datafield ind1=" " ind2=" " tag="900"><subfield code="a">REROnoselfmerge</subfield></datafield><datafield ind1=" " ind2=" " tag="993"><subfield code="a">BFLA 32539</subfield><subfield code="x">ge/ulit/a/88/28</subfield><subfield code="9">LOCAL</subfield></datafield></record>
</metadata></record>