<record><header><identifier>oai:alma.41SLSP_UGE:991000038269705502</identifier><datestamp>2023-03-01T01:08:49Z</datestamp><setSpec>uge_bcen_RapidILL_BOOK</setSpec><setSpec>uge_aaca_RapidILL_BOOK</setSpec><setSpec>uge_abels_RapidILL_BOOK</setSpec><setSpec>uge_dbu_RapidILL_BOOK</setSpec><setSpec>uge_cmu_RapidILL_BOOK</setSpec><setSpec>uge_mail_RapidILL_BOOK</setSpec><setSpec>UNIGE_ALL</setSpec><setSpec>uge_abbat_RapidILL_BOOK</setSpec><setSpec>uge_aobs_RapidILL_BOOK</setSpec><setSpec>uge_acar_RapidILL_BOOK</setSpec></header><metadata>
<record xmlns="http://www.loc.gov/MARC21/slim" xmlns:xsi="http://www.w3.org/2001/XMLSchema-instance" xsi:schemaLocation="http://www.loc.gov/MARC21/slim http://www.loc.gov/standards/marcxml/schema/MARC21slim.xsd"><leader>01486nam a2200361 c 4500</leader><controlfield tag="001">991000038269705502</controlfield><controlfield tag="005">20201227135722.0</controlfield><controlfield tag="008">000909r19991802gw ||||| |||| 00| ||ger d</controlfield><datafield ind1=" " ind2=" " tag="020"><subfield code="a">3487110253</subfield></datafield><datafield ind1="7" ind2=" " tag="024"><subfield code="a">http://catalogue.bnf.fr/ark:/12148/cb388478535</subfield><subfield code="2">uri</subfield></datafield><datafield ind1=" " ind2=" " tag="035"><subfield code="a">(swissbib)095350721-41slsp_network</subfield></datafield><datafield ind1=" " ind2=" " tag="035"><subfield code="a">095350721</subfield><subfield code="9">ExL</subfield></datafield><datafield ind1=" " ind2=" " tag="035"><subfield code="a">(RERO)R264612260-41slsp</subfield></datafield><datafield ind1=" " ind2=" " tag="035"><subfield code="a">(EXLNZ-41SLSP_NETWORK)991070084879705501</subfield></datafield><datafield ind1=" " ind2=" " tag="040"><subfield code="a">RERO geulal</subfield><subfield code="d">CH-ZuSLS</subfield></datafield><datafield ind1=" " ind2=" " tag="044"><subfield code="a">sz</subfield><subfield code="c">ch-zh</subfield></datafield><datafield ind1=" " ind2="7" tag="072"><subfield code="a">al</subfield><subfield code="2">rero</subfield></datafield><datafield ind1="1" ind2=" " tag="100"><subfield code="a">Huber, Therese</subfield><subfield code="0">(RERO)A003387319</subfield><subfield code="4">cre</subfield></datafield><datafield ind1="1" ind2="0" tag="245"><subfield code="a">Erzählungen 1801-1802</subfield><subfield code="b">drei Bände in zwei Bänden</subfield><subfield code="c">Therese Huber.</subfield><subfield code="n">2</subfield><subfield code="p">Zweite Sammlung 1802 (Fortsetzung) und dritte Sammlung 1802 / mit einem Nachw. von Silvia [sic] Cordie</subfield></datafield><datafield ind1=" " ind2="1" tag="264"><subfield code="a">Hildesheim</subfield><subfield code="a">Zürich [etc.]</subfield><subfield code="b">G. Olms</subfield><subfield code="c">1999</subfield></datafield><datafield ind1=" " ind2=" " tag="300"><subfield code="a">P. 400-448*, 2-479** p.</subfield><subfield code="b">fac-sim.</subfield><subfield code="c">17 cm</subfield></datafield><datafield ind1=" " ind2=" " tag="336"><subfield code="b">txt</subfield><subfield code="2">rdacontent</subfield></datafield><datafield ind1=" " ind2=" " tag="337"><subfield code="b">n</subfield><subfield code="2">rdamedia</subfield></datafield><datafield ind1=" " ind2=" " tag="338"><subfield code="b">nc</subfield><subfield code="2">rdacarrier</subfield></datafield><datafield ind1="1" ind2=" " tag="490"><subfield code="a">Romane und Erzählungen / Therese Huber</subfield><subfield code="v">Bd. 8</subfield></datafield><datafield ind1="1" ind2=" " tag="490"><subfield code="a">Frühe Frauenliteratur in Deutschland</subfield><subfield code="v">Bd. 17</subfield></datafield><datafield ind1="1" ind2=" " tag="490"><subfield code="a">Erzählungen 1801-1802 / Therese Huber</subfield><subfield code="v">2</subfield></datafield><datafield ind1=" " ind2=" " tag="500"><subfield code="a">En caractères gothiques</subfield></datafield><datafield ind1=" " ind2=" " tag="534"><subfield code="p">Reprod. de l'éd. de:</subfield><subfield code="c">Braunschweig : F. Vieweg, 1802</subfield></datafield><datafield ind1="1" ind2=" " tag="700"><subfield code="a">Cordie, Sylvia</subfield><subfield code="0">(RERO)A005878937</subfield></datafield><datafield ind1="1" ind2=" " tag="800"><subfield code="a">Huber, Therese</subfield><subfield code="t">Romane und Erzählungen</subfield><subfield code="v">8</subfield></datafield><datafield ind1="1" ind2=" " tag="800"><subfield code="a">Huber, Therese</subfield><subfield code="t">Erzählungen 1801-1802</subfield><subfield code="v">2</subfield></datafield><datafield ind1=" " ind2=" " tag="830"><subfield code="a">Frühe Frauenliteratur in Deutschland</subfield><subfield code="v">17</subfield><subfield code="w">(RERO)1451653-41slsp</subfield></datafield><datafield ind1=" " ind2=" " tag="900"><subfield code="a">REROnoselfmerge</subfield></datafield></record>
</metadata></record>