<record><header><identifier>oai:alma.41SLSP_UGE:991000038789705502</identifier><datestamp>2024-05-03T01:52:49Z</datestamp><setSpec>UNIGE_ALL</setSpec></header><metadata>
<record xmlns="http://www.loc.gov/MARC21/slim" xmlns:xsi="http://www.w3.org/2001/XMLSchema-instance" xsi:schemaLocation="http://www.loc.gov/MARC21/slim http://www.loc.gov/standards/marcxml/schema/MARC21slim.xsd"><leader>04663njm a2200985 ca4500</leader><controlfield tag="001">991000038789705502</controlfield><controlfield tag="005">20211126173406.0</controlfield><controlfield tag="007">sd fsngnnmmned</controlfield><controlfield tag="008">201012t19991999xxusnnn| e|||||nn n eng| </controlfield><datafield ind1=" " ind2=" " tag="010"><subfield code="a">2001569034</subfield></datafield><datafield ind1="1" ind2=" " tag="024"><subfield code="a">074646076125</subfield></datafield><datafield ind1="0" ind2="2" tag="028"><subfield code="a">S2K 60761</subfield><subfield code="b">Vivarte</subfield></datafield><datafield ind1="0" ind2="2" tag="028"><subfield code="a">0607612000/1</subfield><subfield code="b">Vivarte</subfield><subfield code="q">CD 1</subfield></datafield><datafield ind1="0" ind2="2" tag="028"><subfield code="a">0607612000/2</subfield><subfield code="b">Vivarte</subfield><subfield code="q">CD 2</subfield></datafield><datafield ind1="0" ind2="2" tag="028"><subfield code="a">Vivarte S2K 60761</subfield></datafield><datafield ind1="2" ind2=" " tag="033"><subfield code="a">19980608</subfield><subfield code="a">19980612</subfield><subfield code="b">6004</subfield><subfield code="c">H2</subfield></datafield><datafield ind1=" " ind2=" " tag="035"><subfield code="a">(swissbib)238248844-41slsp_network</subfield></datafield><datafield ind1=" " ind2=" " tag="035"><subfield code="a">238248844</subfield><subfield code="9">ExL</subfield></datafield><datafield ind1=" " ind2=" " tag="035"><subfield code="a">(IDSBB)006802323DSV01</subfield></datafield><datafield ind1=" " ind2=" " tag="035"><subfield code="a">(RERO)R006021691-41slsp</subfield></datafield><datafield ind1=" " ind2=" " tag="035"><subfield code="a">(NEBIS)010040197EBI01</subfield></datafield><datafield ind1=" " ind2=" " tag="035"><subfield code="a">(OCoLC)42210237</subfield></datafield><datafield ind1=" " ind2=" " tag="035"><subfield code="a">(EXLNZ-41SLSP_NETWORK)991047808339705501</subfield></datafield><datafield ind1=" " ind2=" " tag="040"><subfield code="a">DLC</subfield><subfield code="b">ger</subfield><subfield code="e">rda</subfield><subfield code="d">CH-ZuSLS</subfield></datafield><datafield ind1="0" ind2=" " tag="041"><subfield code="a">ita</subfield><subfield code="a">eng</subfield><subfield code="a">ger</subfield><subfield code="a">fre</subfield></datafield><datafield ind1=" " ind2=" " tag="045"><subfield code="a">v9w1</subfield></datafield><datafield ind1=" " ind2=" " tag="047"><subfield code="a">sn</subfield><subfield code="a">vr</subfield></datafield><datafield ind1=" " ind2=" " tag="048"><subfield code="a">ka01</subfield><subfield code="a">sc01</subfield></datafield><datafield ind1="0" ind2="0" tag="050"><subfield code="a">SDA 33355</subfield></datafield><datafield ind1=" " ind2="7" tag="072"><subfield code="a">mu</subfield><subfield code="2">rero</subfield></datafield><datafield ind1="0" ind2="4" tag="082"><subfield code="a">782</subfield></datafield><datafield ind1="1" ind2="4" tag="082"><subfield code="a">780</subfield><subfield code="2">15</subfield></datafield><datafield ind1="1" ind2=" " tag="100"><subfield code="a">Beethoven, Ludwig &lt;&lt;van&gt;&gt;</subfield><subfield code="d">1770-1827</subfield><subfield code="0">(DE-588)118508288</subfield><subfield code="e">Komponist</subfield><subfield code="4">cmp</subfield><subfield code="6">880-01</subfield></datafield><datafield ind1="1" ind2=" " tag="880"><subfield code="6">100-01</subfield><subfield code="a">Beethoven, Ludwig van</subfield><subfield code="d">1770-1827</subfield><subfield code="0">(IDREF)026714329</subfield><subfield code="4">cre</subfield></datafield><datafield ind1="1" ind2="0" tag="240"><subfield code="a">Sonaten</subfield><subfield code="m">Violoncello</subfield><subfield code="m">Klavier</subfield></datafield><datafield ind1="1" ind2="0" tag="245"><subfield code="a">Complete sonatas for pianoforte &amp; violoncello</subfield><subfield code="c">Ludwig van Beethoven</subfield></datafield><datafield ind1="1" ind2="1" tag="246"><subfield code="a">&lt;&lt;Les&gt;&gt; sonates pour piano-forte &amp; violoncello</subfield></datafield><datafield ind1="1" ind2="1" tag="246"><subfield code="a">&lt;&lt;Die&gt;&gt; Sonaten für Klavier &amp; Violoncello</subfield></datafield><datafield ind1="1" ind2="3" tag="246"><subfield code="a">Complete sonatas for pianoforte and violoncello</subfield></datafield><datafield ind1=" " ind2="1" tag="264"><subfield code="a">New York</subfield><subfield code="b">Sony Classical</subfield><subfield code="c">[1999]</subfield></datafield><datafield ind1=" " ind2="4" tag="264"><subfield code="c">© 1999</subfield></datafield><datafield ind1=" " ind2=" " tag="300"><subfield code="a">2 CD (72'16; 43'03)</subfield><subfield code="e">1 Begleitheft</subfield><subfield code="b">digital</subfield><subfield code="c">4 3/4 in</subfield></datafield><datafield ind1=" " ind2=" " tag="306"><subfield code="a">002500</subfield><subfield code="a">002300</subfield><subfield code="a">002200</subfield><subfield code="a">001300</subfield><subfield code="a">001900</subfield><subfield code="a">000927</subfield></datafield><datafield ind1=" " ind2=" " tag="336"><subfield code="b">prm</subfield><subfield code="2">rdacontent</subfield></datafield><datafield ind1=" " ind2=" " tag="337"><subfield code="b">s</subfield><subfield code="2">rdamedia</subfield></datafield><datafield ind1=" " ind2=" " tag="338"><subfield code="b">sd</subfield><subfield code="2">rdacarrier</subfield></datafield><datafield ind1=" " ind2=" " tag="382"><subfield code="a">Violoncello</subfield><subfield code="n">1</subfield><subfield code="a">Klavier</subfield><subfield code="n">1</subfield><subfield code="2">idsmusi</subfield></datafield><datafield ind1="0" ind2=" " tag="490"><subfield code="a">Vivarte</subfield></datafield><datafield ind1=" " ind2=" " tag="500"><subfield code="a">Durée: cd 1 : 72 min. 16 sec. ; cd 2 : 43 min. 3 sec.</subfield></datafield><datafield ind1=" " ind2=" " tag="500"><subfield code="a">Enregistrement: 1998</subfield></datafield><datafield ind1=" " ind2=" " tag="500"><subfield code="a">Formation: piano, violoncelle</subfield></datafield><datafield ind1=" " ind2=" " tag="500"><subfield code="a">Inhalt: Sonate Nr. 1 F-Dur, op. 5,1 ; Sonate Nr. 2 g-Moll, op. 5,2 ; Sonate Nr. 3 A-Dur, op. 69 ; Sonate Nr. 4 C-Dur, op. 102,1 ; Sonate Nr. 5 D-Dur, op. 102,2 ; 12 Variationen über &quot;Ein Mädchen oder Weibchen&quot; aus Mozarts Zauberflöte, op. 66</subfield></datafield><datafield ind1=" " ind2=" " tag="500"><subfield code="a">Recorded at Doopsgezinde Kerk, Haarlem, Holland, June 8-12, 1998</subfield></datafield><datafield ind1="0" ind2="0" tag="505"><subfield code="g">CD 1</subfield><subfield code="t">Sonata no. 3 in A major, op. 69</subfield><subfield code="t">Sonata no. 1 in F major, op. 5, no. 1</subfield><subfield code="t">Sonata no. 2 in G minor, op. 5, no. 2</subfield></datafield><datafield ind1="0" ind2="0" tag="505"><subfield code="g">CD 2</subfield><subfield code="t">Sonata no. 4 in C major, op. 102, no. 1</subfield><subfield code="t">Sonata no. 5 in D major, op. 102, no. 2</subfield><subfield code="t">12 variations on &quot;Ein Mädchen oder Weibchen&quot; : from Mozart's Die Zauberflöte, for pianoforte &amp; violoncello in F major, op. 66</subfield></datafield><datafield ind1="0" ind2=" " tag="505"><subfield code="a">[Sonates. Piano, violoncelle. Op. 5, N° 1. Fa majeur] ; [Sonates. Piano, violoncelle. Op. 102, N° 2. Ré majeur] ; [Sonates. Piano, violoncelle. Op. 5, N° 2. Sol mineur] ; [Variations (12) über das Thema &quot;Ein Mädchen oder Weibchen&quot; (Mozart). Piano, violoncelle. Op. 66. Fa majeur] ; [Sonates. Piano, violoncelle. Op. 69. La majeur] ; [Sonates. Piano, violoncelle. Op. 102, N° 1. Do majeur]</subfield></datafield><datafield ind1="0" ind2=" " tag="511"><subfield code="a">Anner Bylsma (Violoncello) ; Jos van Immerseel (Klavier)</subfield></datafield><datafield ind1="0" ind2=" " tag="511"><subfield code="a">Anner Bylsma (Vc), Jos van Immerseel (Fortepiano)</subfield></datafield><datafield ind1=" " ind2=" " tag="518"><subfield code="a">Aufnahmen: Haarlem, Doopsgezinde Kerk, 8.-12. Juni 1998</subfield></datafield><datafield ind1=" " ind2="0" tag="650"><subfield code="a">Sonatas (Cello and piano)</subfield></datafield><datafield ind1=" " ind2="0" tag="650"><subfield code="a">Variations (Cello and piano)</subfield></datafield><datafield ind1=" " ind2="7" tag="650"><subfield code="a">Sonatas (Cello and piano)</subfield><subfield code="2">fast</subfield></datafield><datafield ind1=" " ind2="7" tag="650"><subfield code="a">Variations (Cello and piano)</subfield><subfield code="2">fast</subfield></datafield><datafield ind1=" " ind2="7" tag="655"><subfield code="a">Sonate</subfield><subfield code="y">19. Jh.</subfield><subfield code="2">idsmusg</subfield></datafield><datafield ind1=" " ind2="7" tag="655"><subfield code="a">Sonate</subfield><subfield code="y">18. Jh.</subfield><subfield code="2">idsmusg</subfield></datafield><datafield ind1=" " ind2="7" tag="655"><subfield code="z">Deutschland</subfield><subfield code="2">idsmusg</subfield></datafield><datafield ind1=" " ind2="7" tag="655"><subfield code="a">Variation</subfield><subfield code="2">idsmusg</subfield></datafield><datafield ind1=" " ind2="7" tag="655"><subfield code="y">19. Jh.</subfield><subfield code="2">idsmusg</subfield></datafield><datafield ind1=" " ind2="7" tag="655"><subfield code="a">CD</subfield><subfield code="2">gnd-carrier</subfield></datafield><datafield ind1=" " ind2=" " tag="690"><subfield code="a">Sonate</subfield><subfield code="q">Violoncello, Klavier</subfield><subfield code="t">19. Jh.</subfield><subfield code="v">Ton</subfield><subfield code="2">ids-music</subfield></datafield><datafield ind1=" " ind2=" " tag="690"><subfield code="a">Sonate</subfield><subfield code="q">Violoncello, Klavier</subfield><subfield code="t">18. Jh.</subfield><subfield code="v">Ton</subfield><subfield code="2">ids-music</subfield></datafield><datafield ind1=" " ind2=" " tag="690"><subfield code="a">Violoncello, Klavier</subfield><subfield code="2">ids-music</subfield></datafield><datafield ind1=" " ind2=" " tag="690"><subfield code="a">Sonate</subfield><subfield code="2">ids-music</subfield></datafield><datafield ind1=" " ind2=" " tag="690"><subfield code="a">Variation</subfield><subfield code="2">ids-music</subfield></datafield><datafield ind1=" " ind2=" " tag="690"><subfield code="a">Deutschland</subfield><subfield code="2">ids-music</subfield></datafield><datafield ind1=" " ind2=" " tag="690"><subfield code="a">18. Jh.</subfield><subfield code="2">ids-music</subfield></datafield><datafield ind1=" " ind2=" " tag="690"><subfield code="a">19. Jh.</subfield><subfield code="2">ids-music</subfield></datafield><datafield ind1="1" ind2=" " tag="700"><subfield code="a">Bylsma, Anner</subfield><subfield code="d">1934-2019</subfield><subfield code="0">(IDREF)035376236</subfield></datafield><datafield ind1="1" ind2=" " tag="700"><subfield code="a">Van Immerseel, Jos</subfield><subfield code="d">1945-....</subfield><subfield code="0">(IDREF)079506003</subfield></datafield><datafield ind1="1" ind2=" " tag="700"><subfield code="a">Bylsma, Anner</subfield></datafield><datafield ind1="1" ind2=" " tag="700"><subfield code="a">Immerseel, Jos van</subfield></datafield><datafield ind1="1" ind2=" " tag="700"><subfield code="a">Bijlsma, Anner</subfield><subfield code="d">1934-2019</subfield><subfield code="0">(DE-588)124060501</subfield><subfield code="e">Instrumentalmusiker</subfield><subfield code="4">itr</subfield></datafield><datafield ind1="1" ind2=" " tag="700"><subfield code="a">Van Immerseel, Jos</subfield><subfield code="d">1945-</subfield><subfield code="0">(DE-588)128697776</subfield><subfield code="e">Dirigent</subfield><subfield code="4">cnd</subfield></datafield><datafield ind1="1" ind2="2" tag="700"><subfield code="a">Beethoven, Ludwig &lt;&lt;van&gt;&gt;</subfield><subfield code="d">1770-1827</subfield><subfield code="t">Sonaten</subfield><subfield code="m">Violoncello</subfield><subfield code="m">Klavier</subfield><subfield code="0">(DE-588)300016956</subfield></datafield><datafield ind1="1" ind2="2" tag="700"><subfield code="a">Beethoven, Ludwig &lt;&lt;van&gt;&gt;</subfield><subfield code="d">1770-1827</subfield><subfield code="t">Variationen über &quot;Ein Mädchen oder Weibchen&quot; aus Mozarts &quot;Zauberflöte&quot;</subfield><subfield code="0">(DE-588)300017588</subfield></datafield><datafield ind1=" " ind2=" " tag="900"><subfield code="a">REROnoselfmerge</subfield></datafield><datafield ind1=" " ind2=" " tag="960"><subfield code="2">matmu</subfield><subfield code="a">Allemagne ; Classicisme ; XVIIIe ; XIXe ; Sonates</subfield><subfield code="9">LOCAL</subfield></datafield></record>
</metadata></record>