<record><header><identifier>oai:alma.41SLSP_UGE:991000038059705502</identifier><datestamp>2024-07-23T00:30:22Z</datestamp><setSpec>uge_bcen_RapidILL_BOOK</setSpec><setSpec>uge_aaca_RapidILL_BOOK</setSpec><setSpec>uge_abels_RapidILL_BOOK</setSpec><setSpec>uge_dbu_RapidILL_BOOK</setSpec><setSpec>uge_cmu_RapidILL_BOOK</setSpec><setSpec>uge_mail_RapidILL_BOOK</setSpec><setSpec>uge_abbat_RapidILL_BOOK</setSpec><setSpec>UNIGE_ALL</setSpec><setSpec>uge_aobs_RapidILL_BOOK</setSpec><setSpec>uge_acar_RapidILL_BOOK</setSpec></header><metadata>
<record xmlns="http://www.loc.gov/MARC21/slim" xmlns:xsi="http://www.w3.org/2001/XMLSchema-instance" xsi:schemaLocation="http://www.loc.gov/MARC21/slim http://www.loc.gov/standards/marcxml/schema/MARC21slim.xsd"><leader>01439nam a2200385 c 4500</leader><controlfield tag="001">991000038059705502</controlfield><controlfield tag="005">20240722120937.0</controlfield><controlfield tag="008">201011s1986    fr ||||| |||| 00| ||fre d</controlfield><datafield ind1=" " ind2=" " tag="020"><subfield code="a">2204013463</subfield></datafield><datafield ind1=" " ind2=" " tag="035"><subfield code="a">(swissbib)224081721-41slsp_network</subfield></datafield><datafield ind1=" " ind2=" " tag="035"><subfield code="a">224081721</subfield><subfield code="9">ExL</subfield></datafield><datafield ind1=" " ind2=" " tag="035"><subfield code="a">(RERO)0777415-41slsp</subfield></datafield><datafield ind1=" " ind2=" " tag="035"><subfield code="a">(IDSBB)000095565DSV01</subfield></datafield><datafield ind1=" " ind2=" " tag="035"><subfield code="a">(EXLNZ-41SLSP_NETWORK)991153555199705501</subfield></datafield><datafield ind1=" " ind2=" " tag="040"><subfield code="a">RERO labcud</subfield><subfield code="d">CH-ZuSLS</subfield></datafield><datafield ind1="0" ind2=" " tag="041"><subfield code="a">fre</subfield><subfield code="a">lat</subfield></datafield><datafield ind1=" " ind2="7" tag="072"><subfield code="a">hm</subfield><subfield code="2">rero</subfield></datafield><datafield ind1=" " ind2="7" tag="072"><subfield code="a">th</subfield><subfield code="2">rero</subfield></datafield><datafield ind1=" " ind2="7" tag="072"><subfield code="a">th</subfield><subfield code="2">SzZuIDS BS/BE</subfield></datafield><datafield ind1="0" ind2=" " tag="100"><subfield code="a">Gertrude</subfield><subfield code="c">sainte</subfield><subfield code="0">(RERO)A000071318</subfield><subfield code="4">cre</subfield></datafield><datafield ind1="1" ind2="0" tag="245"><subfield code="a">&lt;&lt;Le&gt;&gt; héraut</subfield><subfield code="p">Livre V</subfield><subfield code="c">Gertrude d'Helfta ; texte critique, trad., notes et index par Jean-Marie Clément, les moniales de Wisques et Bernard de Vregille</subfield></datafield><datafield ind1=" " ind2="1" tag="264"><subfield code="a">Paris</subfield><subfield code="b">Ed. du Cerf</subfield><subfield code="c">1986</subfield></datafield><datafield ind1=" " ind2=" " tag="300"><subfield code="a">345 p.</subfield><subfield code="c">20 cm</subfield></datafield><datafield ind1=" " ind2=" " tag="336"><subfield code="b">txt</subfield><subfield code="2">rdacontent</subfield></datafield><datafield ind1=" " ind2=" " tag="337"><subfield code="b">n</subfield><subfield code="2">rdamedia</subfield></datafield><datafield ind1=" " ind2=" " tag="338"><subfield code="b">nc</subfield><subfield code="2">rdacarrier</subfield></datafield><datafield ind1="1" ind2=" " tag="490"><subfield code="a">Oeuvres spirituelles / Gertrude d'Helfta</subfield><subfield code="v">t. 5</subfield></datafield><datafield ind1="1" ind2=" " tag="490"><subfield code="a">Sources chrétiennes</subfield><subfield code="v">no 331</subfield></datafield><datafield ind1=" " ind2=" " tag="500"><subfield code="a">Traduit de: Legatus divinae pietatis</subfield></datafield><datafield ind1=" " ind2="0" tag="650"><subfield code="a">Fathers of the church</subfield></datafield><datafield ind1="1" ind2=" " tag="700"><subfield code="a">Clément, Jean-Marie</subfield><subfield code="d">1904-1992</subfield><subfield code="0">(IDREF)029644429</subfield></datafield><datafield ind1="0" ind2=" " tag="800"><subfield code="a">Gertrude</subfield><subfield code="c">sainte</subfield><subfield code="t">Oeuvres spirituelles</subfield><subfield code="v">5</subfield></datafield><datafield ind1="0" ind2=" " tag="800"><subfield code="a">Gertrudis</subfield><subfield code="c">de Helfta</subfield><subfield code="d">1256-1302</subfield><subfield code="t">Oeuvres spirituelles</subfield><subfield code="v">5</subfield><subfield code="w">(IDSBB)000023588DSV01</subfield></datafield><datafield ind1=" " ind2=" " tag="830"><subfield code="a">Sources chrétiennes</subfield><subfield code="v">331</subfield><subfield code="w">(RERO)0004377-41slsp</subfield></datafield><datafield ind1=" " ind2=" " tag="830"><subfield code="a">Sources chrétiennes</subfield><subfield code="v">331</subfield><subfield code="w">(IDSBB)000008537DSV01</subfield></datafield><datafield ind1=" " ind2=" " tag="900"><subfield code="a">REROnoselfmerge</subfield></datafield></record>
</metadata></record>