<record><header><identifier>oai:alma.41SLSP_UGE:991000038159705502</identifier><datestamp>2023-07-03T00:42:07Z</datestamp><setSpec>uge_bcen_RapidILL_BOOK</setSpec><setSpec>uge_aaca_RapidILL_BOOK</setSpec><setSpec>uge_abels_RapidILL_BOOK</setSpec><setSpec>uge_dbu_RapidILL_BOOK</setSpec><setSpec>uge_cmu_RapidILL_BOOK</setSpec><setSpec>uge_mail_RapidILL_BOOK</setSpec><setSpec>uge_abbat_RapidILL_BOOK</setSpec><setSpec>UNIGE_ALL</setSpec><setSpec>uge_aobs_RapidILL_BOOK</setSpec><setSpec>uge_acar_RapidILL_BOOK</setSpec></header><metadata>
<record xmlns="http://www.loc.gov/MARC21/slim" xmlns:xsi="http://www.w3.org/2001/XMLSchema-instance" xsi:schemaLocation="http://www.loc.gov/MARC21/slim http://www.loc.gov/standards/marcxml/schema/MARC21slim.xsd"><leader>04247nam a2200937 c 4500</leader><controlfield tag="001">991000038159705502</controlfield><controlfield tag="005">20230702065237.0</controlfield><controlfield tag="008">201011t19971997sz ||||| |||| 00| ||ger d</controlfield><datafield ind1=" " ind2=" " tag="015"><subfield code="a">97,N13,0610</subfield></datafield><datafield ind1=" " ind2=" " tag="019"><subfield code="a">Hartig, Matthias (1947-)</subfield></datafield><datafield ind1=" " ind2=" " tag="020"><subfield code="a">3772022510</subfield><subfield code="q">Francke kart.</subfield></datafield><datafield ind1=" " ind2=" " tag="020"><subfield code="a">3825219658</subfield><subfield code="q">UTB kart.</subfield></datafield><datafield ind1=" " ind2=" " tag="035"><subfield code="a">(swissbib)211125644-41slsp_network</subfield></datafield><datafield ind1=" " ind2=" " tag="035"><subfield code="a">211125644</subfield><subfield code="9">ExL</subfield></datafield><datafield ind1=" " ind2=" " tag="035"><subfield code="a">(RERO)R228690260-41slsp</subfield></datafield><datafield ind1=" " ind2=" " tag="035"><subfield code="a">(IDSSG)000150181HSB01</subfield></datafield><datafield ind1=" " ind2=" " tag="035"><subfield code="a">(NEBIS)001754594EBI01</subfield></datafield><datafield ind1=" " ind2=" " tag="035"><subfield code="a">(IDSBB)001386171DSV01</subfield></datafield><datafield ind1=" " ind2=" " tag="035"><subfield code="a">(IDSLU)000103280ILU01</subfield></datafield><datafield ind1=" " ind2=" " tag="035"><subfield code="a">(EXLNZ-41SLSP_NETWORK)991156987139705501</subfield></datafield><datafield ind1=" " ind2=" " tag="040"><subfield code="a">RERO geulal</subfield><subfield code="d">CH-ZuSLS</subfield></datafield><datafield ind1=" " ind2=" " tag="044"><subfield code="a">sz</subfield><subfield code="c">ch-bs</subfield></datafield><datafield ind1=" " ind2="7" tag="072"><subfield code="a">lg</subfield><subfield code="2">rero</subfield></datafield><datafield ind1=" " ind2="7" tag="072"><subfield code="a">as</subfield><subfield code="2">SzZuIDS BS/BE</subfield></datafield><datafield ind1=" " ind2="7" tag="072"><subfield code="a">140</subfield><subfield code="2">IDS LU</subfield></datafield><datafield ind1="0" ind2="4" tag="082"><subfield code="a">302.2</subfield><subfield code="2">22</subfield></datafield><datafield ind1=" " ind2=" " tag="084"><subfield code="a">AP 16000</subfield><subfield code="2">rvk</subfield></datafield><datafield ind1=" " ind2=" " tag="084"><subfield code="a">ER 990</subfield><subfield code="2">rvk</subfield></datafield><datafield ind1="1" ind2=" " tag="100"><subfield code="a">Hartig, Matthias</subfield><subfield code="0">(IDREF)060738006</subfield><subfield code="4">cre</subfield></datafield><datafield ind1="1" ind2="0" tag="245"><subfield code="a">Erfolgsorientierte Kommunikation</subfield><subfield code="b">Wege zur kommunikativen Kompetenz</subfield><subfield code="c">Matthias Hartig</subfield></datafield><datafield ind1=" " ind2="1" tag="264"><subfield code="a">Tübingen</subfield><subfield code="a">Basel</subfield><subfield code="b">Francke</subfield><subfield code="c">[1997]</subfield></datafield><datafield ind1=" " ind2="4" tag="264"><subfield code="c">© 1997</subfield></datafield><datafield ind1=" " ind2=" " tag="300"><subfield code="a">223 p.</subfield><subfield code="c">19 cm</subfield></datafield><datafield ind1=" " ind2=" " tag="336"><subfield code="b">txt</subfield><subfield code="2">rdacontent</subfield></datafield><datafield ind1=" " ind2=" " tag="337"><subfield code="b">n</subfield><subfield code="2">rdamedia</subfield></datafield><datafield ind1=" " ind2=" " tag="338"><subfield code="b">nc</subfield><subfield code="2">rdacarrier</subfield></datafield><datafield ind1="0" ind2=" " tag="490"><subfield code="a">UTB für Wissenschaft</subfield><subfield code="v">1965</subfield></datafield><datafield ind1="1" ind2=" " tag="490"><subfield code="a">Uni-Taschenbücher</subfield><subfield code="v">1965</subfield></datafield><datafield ind1=" " ind2=" " tag="504"><subfield code="a">Literaturhinweise</subfield></datafield><datafield ind1=" " ind2="7" tag="650"><subfield code="a">Communication</subfield><subfield code="0">(IDREF)027321657</subfield><subfield code="2">idref</subfield></datafield><datafield ind1=" " ind2="7" tag="650"><subfield code="a">Compétence</subfield><subfield code="0">(IDREF)050774220</subfield><subfield code="2">idref</subfield></datafield><datafield ind1=" " ind2="7" tag="650"><subfield code="a">Compétences sociales</subfield><subfield code="0">(IDREF)033370532</subfield><subfield code="2">idref</subfield></datafield><datafield ind1=" " ind2="7" tag="650"><subfield code="a">Kommunikatives Handeln</subfield><subfield code="0">(DE-588)4191649-9</subfield><subfield code="2">gnd</subfield></datafield><datafield ind1=" " ind2="7" tag="650"><subfield code="a">Kommunikative Kompetenz</subfield><subfield code="0">(DE-588)4031889-8</subfield><subfield code="2">gnd</subfield></datafield><datafield ind1=" " ind2="7" tag="650"><subfield code="a">Kommunikation</subfield><subfield code="2">idszbz</subfield></datafield><datafield ind1=" " ind2="7" tag="650"><subfield code="a">Erfolg</subfield><subfield code="2">idszbz</subfield></datafield><datafield ind1=" " ind2="0" tag="650"><subfield code="a">Communication</subfield></datafield><datafield ind1=" " ind2="7" tag="650"><subfield code="a">INFORMATION + KOMMUNIKATION</subfield><subfield code="9">ger</subfield><subfield code="0">(ETHUDK)000009079</subfield><subfield code="2">ethudk</subfield></datafield><datafield ind1=" " ind2="7" tag="650"><subfield code="a">SPRACHWISSENSCHAFT + LINGUISTIK</subfield><subfield code="9">ger</subfield><subfield code="0">(ETHUDK)000036157</subfield><subfield code="2">ethudk</subfield></datafield><datafield ind1=" " ind2="7" tag="650"><subfield code="a">WIRTSCHAFTSETHIK + GESCHÄFTSETHIK</subfield><subfield code="9">ger</subfield><subfield code="0">(ETHUDK)000009738</subfield><subfield code="2">ethudk</subfield></datafield><datafield ind1=" " ind2="7" tag="650"><subfield code="a">WIRTSCHAFTSWISSENSCHAFTEN</subfield><subfield code="9">ger</subfield><subfield code="0">(ETHUDK)000010281</subfield><subfield code="2">ethudk</subfield></datafield><datafield ind1=" " ind2="7" tag="650"><subfield code="a">Kommunikation</subfield><subfield code="2">idsbb</subfield></datafield><datafield ind1=" " ind2="7" tag="650"><subfield code="a">Kommunikatives Handeln</subfield><subfield code="2">idsbb</subfield></datafield><datafield ind1=" " ind2="7" tag="655"><subfield code="a">Einführung</subfield><subfield code="2">idszbz</subfield></datafield><datafield ind1=" " ind2="7" tag="655"><subfield code="a">Ratgeber</subfield><subfield code="2">idszbz</subfield></datafield><datafield ind1=" " ind2=" " tag="690"><subfield code="a">Kommunikationsmedien; Kompetenz; Konzeption; Training; Fähigkeit</subfield><subfield code="2">idssg-J</subfield></datafield><datafield ind1=" " ind2=" " tag="690"><subfield code="a">Kommunikationstraining; Telefonkommunikation; Analysekompetenz; Handlungsfähigkeit; Kommentierungsfähigkeit; Handlungsperspektive; Handlungsvollzug; Kommunikationsablauf; Kommunikationskonzept; Rollenwandel</subfield><subfield code="2">idssg-J</subfield></datafield><datafield ind1=" " ind2=" " tag="690"><subfield code="a">frauenspezifische Kommunikation; verbale Kommunikation; erfolgreiche Kommunikation; erfolgsorientierte Kommunikation; kommunikative Ethik; kommunikatives Handeln; kommunikative Kompetenz; kooperative Form; männerspezifische Kommunikation; nonverbale Kommunikation; partnerorientierte Kommunikation; praktische Arbeit; technisches Kommunikationsmedium; übermittelte Botschaft</subfield><subfield code="2">idssg-J</subfield></datafield><datafield ind1=" " ind2=" " tag="690"><subfield code="a">Deutschland C4EUGE; Schweiz C4EXSI</subfield><subfield code="2">idssg-J</subfield></datafield><datafield ind1=" " ind2=" " tag="690"><subfield code="a">erfolgsorientiert Kommunikation Wege; Kompetenz Francke Tübingen; Kompetenz Matthias Hartig Erfolgsorientierte Kommunikation</subfield><subfield code="2">idssg-J</subfield></datafield><datafield ind1=" " ind2=" " tag="690"><subfield code="a">Handlungstheorie</subfield><subfield code="2">uzb-UG</subfield></datafield><datafield ind1=" " ind2=" " tag="690"><subfield code="a">Geschlechtsspezifischer Sprachgebrauch</subfield><subfield code="2">uzb-UG</subfield></datafield><datafield ind1=" " ind2=" " tag="690"><subfield code="a">Nonverbale Kommunikation</subfield><subfield code="2">uzb-UG</subfield></datafield><datafield ind1=" " ind2=" " tag="690"><subfield code="a">Wirtschaftslinguistik</subfield><subfield code="2">uzb-UG</subfield></datafield><datafield ind1=" " ind2=" " tag="690"><subfield code="a">Wirtschaft</subfield><subfield code="2">uzb-UG</subfield></datafield><datafield ind1=" " ind2=" " tag="690"><subfield code="a">Kommunikation</subfield><subfield code="2">uzb-UG</subfield></datafield><datafield ind1=" " ind2=" " tag="690"><subfield code="a">Kommunikation</subfield><subfield code="2">uzb-VH</subfield></datafield><datafield ind1=" " ind2=" " tag="690"><subfield code="a">Soziolinguistik</subfield><subfield code="2">uzb-UG</subfield></datafield><datafield ind1=" " ind2=" " tag="690"><subfield code="a">Kommunikation.</subfield><subfield code="2">uzb-UO</subfield></datafield><datafield ind1=" " ind2=" " tag="690"><subfield code="a">kommunikative Kompetenz</subfield><subfield code="2">uzb-UO</subfield></datafield><datafield ind1=" " ind2=" " tag="690"><subfield code="a">Massenmedien</subfield><subfield code="2">uzb-UG</subfield></datafield><datafield ind1=" " ind2=" " tag="690"><subfield code="a">Bestand: Bibliothek</subfield><subfield code="2">uzb-UO</subfield></datafield><datafield ind1=" " ind2=" " tag="690"><subfield code="a">Kommunikationsforschung, B: anwendungsorientierte</subfield><subfield code="2">rzs-L1</subfield></datafield><datafield ind1=" " ind2=" " tag="690"><subfield code="a">Handlung, menschliche, B: soziale: Kommunikation</subfield><subfield code="2">rzs-L1</subfield></datafield><datafield ind1=" " ind2=" " tag="690"><subfield code="a">Kommunikation, B: Kommunikative Kompetenz</subfield><subfield code="2">rzs-L1</subfield></datafield><datafield ind1=" " ind2=" " tag="690"><subfield code="a">Kommunikative Kompetenz. A.</subfield><subfield code="2">rzs-L1</subfield></datafield><datafield ind1="4" ind2=" " tag="856"><subfield code="u">https://tools.unisg.ch/url/hm00507035</subfield><subfield code="z">Inhaltsverzeichnis</subfield></datafield><datafield ind1=" " ind2="0" tag="830"><subfield code="a">UTB für Wissenschaft</subfield><subfield code="v">1965</subfield><subfield code="w">(RERO)0338358-41slsp</subfield></datafield><datafield ind1=" " ind2="0" tag="830"><subfield code="a">UTB</subfield><subfield code="v">1965</subfield><subfield code="w">(IDSSG)000214701HSB01</subfield></datafield><datafield ind1=" " ind2="0" tag="830"><subfield code="a">Uni-Taschenbücher</subfield><subfield code="v">1965</subfield><subfield code="w">(NEBIS)000058219EBI01</subfield></datafield><datafield ind1=" " ind2=" " tag="900"><subfield code="a">IDSE5E87ANH-2006</subfield></datafield><datafield ind1=" " ind2=" " tag="949"><subfield code="a">https://tools.unisg.ch/url/hm00507035</subfield></datafield></record>
</metadata></record><resumptionToken>1900-01-01@all@UNIGE_ALL@marc21@5986454820005502</resumptionToken></ListRecords></OAI-PMH>